1626830100844588,20210721091500040,3077,SELL,87,100
1626830101509464,20210721091500120,13654,SELL,86,800
1626830103809263,20210721091500420,43889,BUY,76,300
1626830104430409,20210721091500530,52443,SELL,94,100
1626830106265908,20210721091500780,71735,SELL,84,200
1626830106265915,20210721091500780,71737,SELL,82,200
1626830106265924,20210721091500780,71738,BUY,77.5,200
1626830108208553,20210721091501050,87853,SELL,94,1500
1626830109914208,20210721091501380,105126,SELL,89.98,200
1626830109915056,20210721091501380,105166,SELL,87,900
1626830110329843,20210721091501460,108755,SELL,92.8,400
1626830110403255,20210721091501480,109769,BUY,77.5,400
1626830112432785,20210721091501960,130059,SELL,82.32,100
1626830112610045,20210721091501980,131241,SELL,81.94,200
1626830112610048,20210721091501980,131242,BUY,76.04,100
1626830114384679,20210721091502490,148939,SELL,89.94,100
1626830115608651,20210721091503130,162911,BUY,76.7,400
1626830115951990,20210721091503540,169224,BUY,73.18,100
1626830117418871,20210721091505670,189302,BUY,77,1900
1626830118034674,20210721091507220,197076,BUY,76.38,100
1626830118236119,20210721091508090,199445,BUY,77.02,100
1626830223356148,20210721091703340,223961,SELL,94.16,500
1626830363276222,20210721091923260,256975,SELL,80.49,100
1626830411877805,20210721092011860,269958,BUY,76.68,1000
1626830461325309,20210721092101310,282379,SELL,86,100
1626830537945072,20210721092217930,303809,BUY,76.51,100
1626830553230193,20210721092233210,308493,SELL,80,500
1626830564267419,20210721092244250,312072,BUY,77,100
1626830566234489,20210721092246220,312699,BUY,77,300
1626830614558625,20210721092334540,329690,SELL,77.88,100
1626830665490998,20210721092425480,353582,SELL,94.16,300
1626830682937642,20210721092442920,365406,SELL,77.2,100
1626830683092383,20210721092443080,365546,BUY,86.32,100
1626830683832849,20210721092443820,366055,SELL,91,300
1626830692603929,20210721092452590,373813,BUY,80.21,700
1626830697628041,20210721092457610,378741,BUY,79.97,100
1626830698315011,20210721092458300,379780,SELL,86,300
1626830698886580,20210721092458870,380433,BUY,79.82,100
1626830699883098,20210721092459870,382127,BUY,80.22,600
1626831000828905,20210721093000020,435793,SELL,81.9,1100
1626831001130517,20210721093000030,437165,BUY,80.4,1700
1626831001280019,20210721093000030,438668,SELL,80.21,100
1626831001310250,20210721093000030,439174,SELL,80.2,600
1626831001556473,20210721093000050,442126,SELL,81.69,400
1626831001560384,20210721093000050,442319,SELL,80.19,200
1626831001704493,20210721093000090,448149,SELL,80.21,1600
1626831002344415,20210721093000130,454674,SELL,80,100
1626831003028347,20210721093000150,457213,SELL,83.98,700
1626831003082692,20210721093000160,458982,SELL,80.52,100
1626831003082961,20210721093000160,458997,SELL,81,100
1626831003083216,20210721093000160,459003,SELL,82.1,100
1626831003083486,20210721093000160,459042,BUY,77.6,100
1626831003393407,20210721093000170,460944,SELL,80.21,1000
1626831003395144,20210721093000170,461168,SELL,83.88,300
1626831003406238,20210721093000180,461961,SELL,80.21,700
1626831004053801,20210721093000180,463476,SELL,84.05,100
1626831005416020,20210721093000200,467363,SELL,80.21,100
1626831005417367,20210721093000200,467412,SELL,79.7,500
1626831006360218,20210721093000320,483968,SELL,84,500
1626831006683869,20210721093000380,489352,SELL,83.96,400
1626831006791469,20210721093000420,493153,SELL,85.21,500
1626831006935939,20210721093000470,498309,SELL,80.21,800
1626831007242194,20210721093000480,499360,BUY,77.01,600
1626831007725690,20210721093000510,501913,SELL,82,500
1626831007775722,20210721093000530,503396,SELL,84.98,200
1626831007980023,20210721093000600,509595,BUY,80.2,500
1626831008316149,20210721093000700,518518,SELL,81.5,400
1626831008374242,20210721093000710,518826,SELL,88.33,200
1626831008687414,20210721093000720,519560,SELL,80.2,100
1626831008780529,20210721093000740,521004,SELL,80.21,400
1626831008828433,20210721093000770,523056,SELL,84.99,2000
1626831008878805,20210721093000810,525885,SELL,81.93,500
1626831008922302,20210721093000830,527492,SELL,82,100
1626831008974571,20210721093000860,529899,SELL,80.21,100
1626831009134175,20210721093000980,538226,SELL,83.99,100
1626831009168211,20210721093001010,539966,SELL,82.89,700
1626831009186692,20210721093001020,540886,SELL,85.69,200
1626831009252979,20210721093001070,544347,SELL,82.24,400
1626831009357352,20210721093001130,547838,SELL,81.93,100
1626831009408160,20210721093001150,548987,SELL,80.2,900
1626831009415751,20210721093001150,549103,SELL,84,100
1626831009574586,20210721093001180,551410,SELL,82.46,100
1626831009947040,20210721093001250,554592,BUY,77.6,100
1626831011040673,20210721093001350,560315,SELL,81.9,100
1626831014105928,20210721093001760,582115,SELL,83,100
1626831014201695,20210721093001780,583590,SELL,83.99,100
1626831015074167,20210721093001900,591116,SELL,84,100
1626831016558948,20210721093002070,600612,SELL,80.21,100
1626831016906086,20210721093002080,601238,SELL,80.49,600
1626831017460568,20210721093002090,602189,BUY,77.9,600
1626831023866847,20210721093002220,609635,BUY,77.02,100
1626831023873759,20210721093002220,609768,BUY,77.61,100
1626831024293609,20210721093002230,610352,BUY,77.6,100
1626831025801499,20210721093002280,612721,SELL,80.2,100
1626831026877452,20210721093002360,615776,SELL,80.21,100
1626831027638892,20210721093002470,620088,SELL,80.2,100
1626831027638896,20210721093002470,620089,SELL,80.2,100
1626831027638912,20210721093002470,620090,SELL,80.2,100
1626831027639165,20210721093002470,620102,SELL,90,600
1626831027952281,20210721093002470,620212,SELL,80.2,100
1626831028583683,20210721093002510,621984,BUY,81,500
1626831028597554,20210721093002520,622095,SELL,80.2,100
1626831028647427,20210721093002580,625013,BUY,78.51,300
1626831028648406,20210721093002590,625459,SELL,80.21,100
1626831028656723,20210721093002600,626220,SELL,80.38,100
1626831029376497,20210721093002710,630760,SELL,82,400
1626831029387734,20210721093002720,631311,SELL,81.98,100
1626831029416701,20210721093002750,632292,BUY,77.08,1000
1626831029698234,20210721093002800,634658,BUY,80.49,100
1626831029777423,20210721093002820,635432,SELL,86,4858
1626831030361478,20210721093002900,638792,SELL,86,100
1626831030376845,20210721093002900,639097,BUY,77.52,600
1626831030946330,20210721093002940,640735,SELL,80.2,100
1626831031260060,20210721093002950,641173,BUY,77.51,600
1626831031262852,20210721093002970,641549,SELL,80.2,100
1626831033619670,20210721093003190,651906,SELL,81.21,700
1626831033642178,20210721093003210,652462,SELL,83.9,100
1626831034021590,20210721093003260,654803,SELL,80.21,1000
1626831034024820,20210721093003260,655007,SELL,94.16,300
1626831034027342,20210721093003270,655257,SELL,91,300
1626831034029474,20210721093003270,655353,SELL,86,300
1626831034036056,20210721093003280,655758,SELL,90,200
1626831034913826,20210721093003400,660444,BUY,80.49,100
1626831034977924,20210721093003460,662532,SELL,80.9,200
1626831035058981,20210721093003470,662885,SELL,88.88,1200
1626831035397775,20210721093003500,664031,SELL,80.2,100
1626831035424204,20210721093003530,664997,SELL,85,200
1626831035735900,20210721093003560,666152,SELL,80.15,100
1626831036233613,20210721093003620,669372,SELL,81.8,100
1626831036235579,20210721093003630,669687,SELL,80.2,100
1626831037523928,20210721093003750,674271,SELL,82,200
1626831037534811,20210721093003760,674858,SELL,80.2,1600
1626831038241085,20210721093003810,676644,BUY,77.02,400
1626831038252269,20210721093003810,676914,SELL,81.99,400
1626831038676504,20210721093003880,679493,BUY,80.01,100
1626831040919842,20210721093004130,688990,BUY,77.08,100
1626831043194325,20210721093004410,698898,SELL,80.5,100
1626831043891575,20210721093004490,701073,BUY,77.6,100
1626831043892013,20210721093004490,701090,BUY,77.6,100
1626831043893143,20210721093004490,701140,SELL,80.19,100
1626831043904923,20210721093004500,701240,BUY,78.12,200
1626831044031526,20210721093004630,705505,SELL,85.21,300
1626831044132319,20210721093004660,706274,SELL,89.21,300
1626831044132348,20210721093004660,706277,BUY,79.6,100
1626831044478705,20210721093004670,706636,SELL,94.16,500
1626831044925396,20210721093004890,712436,BUY,77,100
1626831045847042,20210721093005320,723333,SELL,80.42,200
1626831046981508,20210721093005730,732029,BUY,77.61,200
1626831047024318,20210721093005830,733851,SELL,80.92,100
1626831047469047,20210721093005920,735346,BUY,77.9,100
1626831047472707,20210721093005930,735589,SELL,80.48,1700
1626831048604040,20210721093006380,744322,BUY,77.6,100
1626831048989108,20210721093006470,745317,BUY,77.6,100
1626831050767451,20210721093006600,747794,BUY,78.51,200
1626831051184802,20210721093006660,749270,BUY,78.52,300
1626831051184871,20210721093006660,749271,SELL,80.19,200
1626831051201116,20210721093006680,749463,BUY,77.91,200
1626831051298543,20210721093006760,751002,BUY,77.6,100
1626831053211260,20210721093007080,756825,BUY,77.51,200
1626831053760078,20210721093007470,763178,BUY,80.01,100
1626831053764047,20210721093007470,763181,SELL,80.01,100
1626831053764050,20210721093007470,763186,SELL,80.01,100
1626831053764110,20210721093007470,763213,SELL,80.01,100
1626831053764542,20210721093007470,763230,SELL,80.01,100
1626831053767539,20210721093007490,763474,SELL,80.14,100
1626831054846165,20210721093007520,764125,SELL,80.01,100
1626831055041990,20210721093007660,766989,SELL,82.98,200
1626831055222121,20210721093007890,768808,SELL,81.93,200
1626831055495349,20210721093008170,771926,SELL,85,5200
1626831055550076,20210721093008390,774091,SELL,80.01,100
1626831055932070,20210721093008480,775195,SELL,81.93,100
1626831056283224,20210721093008800,779476,BUY,77,800
1626831056297611,20210721093008860,780177,SELL,83.94,100
1626831056325232,20210721093008970,781555,SELL,80.01,100
1626831056340712,20210721093009070,782472,SELL,84,100
1626831056341760,20210721093009090,782658,SELL,85.99,100
1626831056735045,20210721093009650,789254,SELL,82.6,100
1626831056746316,20210721093009800,790938,BUY,80,800
1626831058140661,20210721093010450,799024,SELL,80,200
1626831058140829,20210721093010450,799048,SELL,79.6,100
1626831058140925,20210721093010460,799072,SELL,80,100
1626831058140969,20210721093010460,799086,SELL,80,100
1626831058142863,20210721093010480,799359,SELL,80,100
1626831058479780,20210721093011000,803672,BUY,80.49,300
1626831058496644,20210721093011260,805685,BUY,79.6,100
1626831058884557,20210721093011920,811910,SELL,80,600
1626831058884628,20210721093011920,811920,SELL,80,600
1626831058884633,20210721093011920,811921,SELL,80,600
1626831058884635,20210721093011920,811923,SELL,80,600
1626831058884685,20210721093011920,811961,SELL,80,100
1626831058884689,20210721093011920,811964,SELL,80,100
1626831058888549,20210721093011980,812356,SELL,80,100
1626831058898963,20210721093012080,813271,SELL,80,100
1626831058902478,20210721093012100,813648,BUY,78.52,200
1626831058912761,20210721093012160,814607,SELL,80,200
1626831059574009,20210721093013430,831598,SELL,80,100
1626831059574011,20210721093013430,831600,SELL,80,100
1626831059574904,20210721093013490,831950,SELL,80.01,200
1626831059575169,20210721093013500,832088,SELL,80,200
1626831059576956,20210721093013550,832851,SELL,80.01,300
1626831061661045,20210721093016370,860475,SELL,80,100
1626831061730767,20210721093016890,864273,BUY,79.6,100
1626831063060086,20210721093017090,866438,SELL,80,100
1626831063755121,20210721093017200,867604,SELL,82.71,500
1626831063949755,20210721093017430,869575,BUY,79.61,100
1626831063949766,20210721093017430,869590,SELL,79.99,1700
1626831063949767,20210721093017430,869591,SELL,79.99,1100
1626831064767815,20210721093018010,872955,SELL,80,400
1626831064786158,20210721093018070,873809,SELL,79.98,100
1626831065473512,20210721093019030,882295,BUY,80,100
1626831066090766,20210721093019410,886718,SELL,80,100
1626831066132552,20210721093019620,888113,SELL,80,400
1626831068368199,20210721093022090,908946,BUY,77.09,1200
1626831071258936,20210721093025390,936018,SELL,79.98,1200
1626831071259229,20210721093025390,936036,SELL,79.97,1200
1626831072218470,20210721093027450,949939,SELL,79.96,600
1626831072289465,20210721093027770,953132,SELL,80,200
1626831072707066,20210721093028170,957004,SELL,79.95,100
1626831072707438,20210721093028180,957076,SELL,79.95,100
1626831072737625,20210721093028450,959609,SELL,81.43,100
1626831073107495,20210721093028740,961346,SELL,79.94,200
1626831073107523,20210721093028740,961348,SELL,79.94,200
1626831073111582,20210721093028750,961397,SELL,79.94,100
1626831073448546,20210721093029090,964321,SELL,79.94,200
1626831074280937,20210721093030270,973130,SELL,79.98,500
1626831077481838,20210721093033610,1000755,SELL,81.66,500
1626831078018331,20210721093034180,1006725,SELL,79.6,100
1626831078022164,20210721093034250,1007259,SELL,79.6,100
1626831079319619,20210721093034680,1010731,BUY,79.61,100
1626831080234820,20210721093036330,1021995,SELL,79.61,100
1626831080272689,20210721093036550,1023431,SELL,79.6,100
1626831081961166,20210721093037560,1032823,SELL,79.6,100
1626831081961357,20210721093037560,1032861,BUY,78.53,200
1626831081961358,20210721093037560,1032862,BUY,78.53,200
1626831081961363,20210721093037560,1032863,BUY,78.53,200
1626831081961371,20210721093037560,1032864,BUY,78.53,200
1626831081961516,20210721093037560,1032871,BUY,78.53,100
1626831081966806,20210721093037590,1033104,BUY,78.54,300
1626831082949416,20210721093038140,1036880,BUY,78.55,500
1626831082954106,20210721093038170,1037100,SELL,79.6,100
1626831082987050,20210721093038380,1038397,BUY,78.56,300
1626831083096611,20210721093039090,1042311,SELL,79.7,100
1626831083097686,20210721093039090,1042325,SELL,79.59,100
1626831083097747,20210721093039090,1042327,BUY,78.57,300
1626831083097750,20210721093039090,1042333,BUY,78.57,300
1626831083097806,20210721093039090,1042334,BUY,78.57,300
1626831083097809,20210721093039090,1042335,SELL,79.59,100
1626831083097814,20210721093039090,1042336,SELL,79.59,100
1626831083098049,20210721093039090,1042338,BUY,78.57,300
1626831083098492,20210721093039100,1042348,BUY,78.57,100
1626831083279693,20210721093039970,1048303,BUY,78.58,300
1626831083285718,20210721093040020,1048803,BUY,78.59,300
1626831083289165,20210721093040030,1048982,BUY,78.6,100
1626831083290118,20210721093040030,1049022,SELL,79.58,100
1626831083305289,20210721093040060,1049315,SELL,79.58,100
1626831083318268,20210721093040100,1049798,BUY,78.61,300
1626831083319071,20210721093040110,1049872,BUY,78.62,300
1626831083319072,20210721093040110,1049873,SELL,79.57,200
1626831083319077,20210721093040110,1049878,BUY,78.62,300
1626831083319078,20210721093040110,1049880,SELL,79.57,200
1626831083319237,20210721093040110,1049881,BUY,78.62,300
1626831083319368,20210721093040110,1049888,BUY,78.62,300
1626831083319411,20210721093040110,1049890,SELL,79.57,200
1626831083362873,20210721093040190,1050540,BUY,78.63,300
1626831085358849,20210721093041780,1061101,BUY,78.64,300
1626831085358853,20210721093041780,1061104,BUY,78.64,300
1626831085358856,20210721093041780,1061106,BUY,78.64,300
1626831085358870,20210721093041780,1061108,BUY,78.64,300
1626831085359252,20210721093041790,1061132,BUY,78.82,400
1626831085359475,20210721093041790,1061133,BUY,78.64,100
1626831085367774,20210721093041840,1061423,BUY,78.64,300
1626831085370077,20210721093041850,1061466,BUY,78.83,300
1626831085407620,20210721093042100,1063047,BUY,78.84,100
1626831085414550,20210721093042140,1063341,BUY,78.84,300
1626831085423014,20210721093042200,1063784,BUY,78.85,300
1626831085432026,20210721093042260,1064163,BUY,78.86,300
1626831085449676,20210721093042370,1064783,BUY,78.87,300
1626831086302388,20210721093043380,1073659,BUY,78.63,100
1626831086302774,20210721093043380,1073685,BUY,78.88,300
1626831086302842,20210721093043380,1073688,BUY,78.88,100
1626831086302953,20210721093043380,1073702,BUY,78.88,300
1626831086302963,20210721093043380,1073706,BUY,78.88,300
1626831086303110,20210721093043380,1073709,BUY,78.88,300
1626831086317175,20210721093043470,1074156,BUY,78.89,300
1626831087166094,20210721093044940,1082259,SELL,79.94,100
1626831087166941,20210721093044940,1082280,BUY,78.9,300
1626831087166945,20210721093044940,1082281,BUY,78.9,300
1626831087166950,20210721093044940,1082283,BUY,78.9,300
1626831087166999,20210721093044940,1082285,BUY,78.9,300
1626831087167537,20210721093044940,1082289,BUY,78.9,100
1626831087183528,20210721093045020,1082765,BUY,78.91,300
1626831089549381,20210721093046390,1093582,BUY,79.02,400
1626831089549607,20210721093046400,1093614,BUY,79.03,400
1626831089549618,20210721093046400,1093618,BUY,79.03,400
1626831089549620,20210721093046400,1093619,BUY,79.03,400
1626831089549623,20210721093046400,1093621,BUY,79.03,400
1626831089550621,20210721093046410,1093717,BUY,79.03,100
1626831089556160,20210721093046470,1094162,BUY,78.6,700
1626831089557893,20210721093046490,1094229,BUY,79.04,300
1626831091822495,20210721093049380,1113323,BUY,79.05,300
1626831091822517,20210721093049380,1113325,BUY,79.05,300
1626831091822557,20210721093049380,1113327,BUY,79.05,300
1626831091823377,20210721093049380,1113341,BUY,79.05,300
1626831091823744,20210721093049380,1113355,BUY,79.05,100
1626831091840438,20210721093049480,1114090,BUY,79.06,300
1626831092194971,20210721093050100,1118223,SELL,78.86,2000
1626831095722372,20210721093053930,1142885,SELL,78.89,600
1626831095722862,20210721093053930,1142914,BUY,78.92,100
1626831095722864,20210721093053930,1142915,BUY,78.92,100
1626831095722881,20210721093053930,1142916,BUY,78.92,100
1626831095723078,20210721093053930,1142923,SELL,79.56,100
1626831097539260,20210721093055850,1155687,SELL,79.95,300
1626831098921427,20210721093058360,1171936,SELL,90,100
1626831098953360,20210721093058390,1172172,SELL,79.55,100
1626831098954152,20210721093058400,1172180,SELL,79.55,100
1626831098954192,20210721093058400,1172181,SELL,79.55,100
1626831100360215,20210721093059660,1179178,SELL,79.54,100
1626831100591530,20210721093100140,1182460,SELL,79.06,100
1626831100920623,20210721093100350,1184065,SELL,81.43,200
1626831101972112,20210721093101260,1194453,SELL,80,500
1626831103200335,20210721093103750,1213353,BUY,78.93,600
1626831103200385,20210721093103760,1213366,BUY,78.94,600
1626831103200387,20210721093103760,1213368,BUY,78.94,600
1626831103200387,20210721093103760,1213371,BUY,78.94,600
1626831103200527,20210721093103760,1213420,BUY,79.07,100
1626831103200669,20210721093103760,1213455,SELL,79.55,100
1626831103200670,20210721093103760,1213456,SELL,79.55,100
1626831103200671,20210721093103760,1213457,SELL,79.55,100
1626831103200672,20210721093103760,1213458,BUY,78.95,600
1626831103311577,20210721093104410,1220218,BUY,79.06,100
1626831103312661,20210721093104420,1220269,SELL,79.54,100
1626831103313629,20210721093104420,1220323,SELL,79.54,100
1626831104184022,20210721093106130,1234348,BUY,78.92,100
1626831104185321,20210721093106140,1234394,SELL,79.53,200
1626831104185326,20210721093106140,1234399,BUY,79.07,100
1626831104185333,20210721093106140,1234402,BUY,79.07,100
1626831104185376,20210721093106140,1234403,SELL,79.53,200
1626831104185379,20210721093106140,1234404,SELL,79.53,200
1626831104186199,20210721093106150,1234544,BUY,79.07,100
1626831104430343,20210721093107400,1246757,SELL,79.45,500
1626831104430525,20210721093107400,1246784,SELL,79.44,500
1626831104430543,20210721093107400,1246790,SELL,79.44,500
1626831104430551,20210721093107400,1246792,SELL,79.44,500
1626831104430702,20210721093107400,1246799,SELL,79.38,300
1626831104430718,20210721093107400,1246800,SELL,79.44,100
1626831104476533,20210721093107670,1249218,SELL,78.9,100
1626831104476707,20210721093107680,1249261,SELL,79.37,300
1626831104476727,20210721093107680,1249270,SELL,79.37,300
1626831104476735,20210721093107680,1249272,SELL,79.37,300
1626831104500337,20210721093107790,1250103,SELL,78.9,100
1626831104528314,20210721093108040,1251966,SELL,79.36,100
1626831104532232,20210721093108060,1252182,SELL,79.36,100
1626831104677025,20210721093109270,1260610,SELL,79.35,200
1626831104677076,20210721093109270,1260614,SELL,79.35,200
1626831104677078,20210721093109270,1260615,SELL,79.35,200
1626831104677348,20210721093109270,1260627,SELL,79.35,100
1626831104734023,20210721093109560,1262609,SELL,78.9,100
1626831104734612,20210721093109560,1262642,SELL,79.3,500
1626831104852293,20210721093110110,1268778,BUY,78.94,500
1626831104917846,20210721093110400,1271933,BUY,79.08,100
1626831104934491,20210721093110470,1272331,SELL,78.9,100
1626831104935398,20210721093110470,1272357,SELL,79.29,500
1626831104935622,20210721093110470,1272360,BUY,78.95,100
1626831104935624,20210721093110470,1272362,SELL,79.29,500
1626831104935632,20210721093110470,1272363,SELL,79.29,500
1626831105220657,20210721093110890,1275254,BUY,79.38,100
1626831105220847,20210721093110890,1275290,SELL,79.28,100
1626831105222463,20210721093110920,1275523,BUY,79.38,100
1626831105315243,20210721093111450,1279974,SELL,79.28,100
1626831105315357,20210721093111450,1279981,BUY,79.38,100
1626831105316768,20210721093111460,1280037,SELL,79.28,100
1626831105658491,20210721093112280,1285703,SELL,78.9,100
1626831105658622,20210721093112280,1285722,SELL,79.27,100
1626831105658669,20210721093112280,1285756,SELL,79.27,100
1626831105675576,20210721093112510,1287234,BUY,78.95,300
1626831106406057,20210721093113390,1295788,BUY,78.96,100
1626831106406157,20210721093113390,1295796,BUY,78.95,100
1626831106406158,20210721093113390,1295797,BUY,79.29,100
1626831106406292,20210721093113400,1295831,BUY,78.97,100
1626831107519514,20210721093116320,1317764,SELL,79.29,100
1626831107521116,20210721093116330,1317815,BUY,78.98,100
1626831108573775,20210721093119170,1341340,BUY,79,600
1626831108603562,20210721093119410,1343756,BUY,78.99,100
1626831109808835,20210721093121690,1360818,SELL,79.6,100
1626831112401939,20210721093125400,1392397,BUY,79.01,100
1626831113243884,20210721093127440,1404841,BUY,79.02,100
1626831114101772,20210721093128440,1414785,BUY,79.02,200
1626831117041064,20210721093134400,1456167,BUY,79.03,100
1626831117041297,20210721093134410,1456191,BUY,79.04,100
1626831117050954,20210721093134440,1456428,BUY,79.03,300
1626831117387703,20210721093134640,1457874,BUY,79.27,100
1626831117409823,20210721093134870,1459131,SELL,79.28,100
1626831122399458,20210721093143400,1517479,BUY,79.28,100
1626831123188330,20210721093144250,1522965,BUY,79.28,100
1626831124347465,20210721093146410,1537450,BUY,79.27,100
1626831124348510,20210721093146420,1537482,BUY,79.28,100
1626831124408758,20210721093146890,1540065,BUY,79.3,500
1626831124408828,20210721093146890,1540077,BUY,79.29,100
1626831124409212,20210721093146900,1540084,SELL,79.51,1000
1626831124474011,20210721093147490,1543373,SELL,79.02,100
1626831124479215,20210721093147550,1543656,SELL,79.02,100
1626831124479608,20210721093147550,1543682,SELL,79.5,300
1626831124892725,20210721093149070,1552796,SELL,80.2,500
1626831124893308,20210721093149080,1552858,SELL,79.46,400
1626831125518369,20210721093150130,1560146,SELL,79.02,100
1626831125559383,20210721093150510,1561985,SELL,79.02,400
1626831125559800,20210721093150510,1561995,SELL,79.45,300
1626831125559808,20210721093150510,1561996,BUY,79.03,200
1626831125559810,20210721093150510,1561999,BUY,79.03,100
1626831125559850,20210721093150510,1562000,BUY,79.03,100
1626831125559851,20210721093150510,1562001,BUY,79.03,100
1626831125559868,20210721093150510,1562002,BUY,79.03,200
1626831125559893,20210721093150510,1562003,SELL,79.45,400
1626831125559898,20210721093150510,1562004,BUY,79.03,200
1626831126022055,20210721093150800,1563305,SELL,79,1000
1626831126022199,20210721093150800,1563328,SELL,79.44,700
1626831126023994,20210721093150810,1563348,SELL,79.44,200
1626831126033354,20210721093150870,1563619,SELL,79.43,400
1626831126117870,20210721093151600,1568004,SELL,79.42,400
1626831126170825,20210721093151920,1570389,SELL,79.28,500
1626831126171363,20210721093151930,1570421,SELL,79.27,100
1626831126171782,20210721093151930,1570451,SELL,79.23,500
1626831126172164,20210721093151930,1570461,SELL,79.27,200
1626831126261892,20210721093152410,1574611,BUY,79.27,400
1626831126262472,20210721093152420,1574634,SELL,79.27,100
1626831126262481,20210721093152420,1574636,SELL,79.27,100
1626831126262777,20210721093152420,1574652,SELL,79.27,1000
1626831126262811,20210721093152420,1574653,SELL,79.27,400
1626831126544735,20210721093153280,1579639,SELL,79.02,400
1626831127924364,20210721093155400,1593620,SELL,79.26,300
1626831134642258,20210721093205510,1666150,SELL,78.51,1000
1626831134644446,20210721093205520,1666174,BUY,78.52,100
1626831134644447,20210721093205520,1666175,BUY,78.52,100
1626831134644449,20210721093205520,1666176,SELL,79.01,300
1626831134644464,20210721093205520,1666177,SELL,79.01,400
1626831134644466,20210721093205520,1666178,SELL,79.01,400
1626831134644480,20210721093205520,1666179,SELL,78.92,100
1626831134648774,20210721093205520,1666187,SELL,79.01,200
1626831134648860,20210721093205520,1666194,SELL,79.01,100
1626831134957786,20210721093205540,1666276,BUY,78.51,200
1626831136813908,20210721093207190,1679236,BUY,78.53,300
1626831136817171,20210721093207190,1679297,SELL,78.91,100
1626831136817252,20210721093207190,1679298,SELL,78.91,100
1626831136818805,20210721093207190,1679354,SELL,78.91,200
1626831136859385,20210721093207290,1680515,BUY,78.54,200
1626831137880225,20210721093209150,1693091,BUY,79.02,200
1626831137880689,20210721093209150,1693124,SELL,78.9,200
1626831137880706,20210721093209150,1693125,BUY,78.55,200
1626831140637444,20210721093213350,1724479,BUY,78.56,200
1626831140637941,20210721093213360,1724503,BUY,78.57,100
1626831140637943,20210721093213360,1724505,BUY,78.57,200
1626831140637952,20210721093213360,1724506,BUY,78.57,100
1626831140637980,20210721093213360,1724508,BUY,78.57,200
1626831140641198,20210721093213380,1724674,BUY,78.56,200
1626831140673564,20210721093213490,1725462,BUY,78.91,300
1626831140685081,20210721093213540,1725838,BUY,78.91,200
1626831140686793,20210721093213640,1726472,BUY,79.01,100
1626831140687091,20210721093213650,1726559,BUY,78.91,300
1626831140701960,20210721093213830,1727590,BUY,78.9,100
1626831142223609,20210721093216050,1741878,BUY,78.95,100
1626831142266836,20210721093216240,1743679,BUY,78.56,700
1626831146121453,20210721093221040,1774335,BUY,78,500
1626831146876213,20210721093222200,1782706,BUY,78.96,700
1626831146890319,20210721093222260,1783175,SELL,79.01,500
1626831148615495,20210721093224860,1799316,SELL,80.39,100
1626831151887769,20210721093229560,1828933,SELL,81.96,200
1626831154032303,20210721093230890,1837634,BUY,79,300
1626831154049119,20210721093230990,1838384,BUY,79.01,100
1626831155205380,20210721093232590,1848396,SELL,79,500
1626831155206481,20210721093232600,1848461,SELL,78.96,100
1626831163144915,20210721093243100,1906844,SELL,79.38,200
1626831167492370,20210721093247420,1930854,BUY,78.97,100
1626831169154362,20210721093249020,1939320,BUY,78.97,100
1626831170470366,20210721093250450,1948123,SELL,78.95,100
1626831170525072,20210721093250510,1948341,SELL,78.95,100
1626831172512592,20210721093252410,1959705,BUY,79,100
1626831172512598,20210721093252410,1959707,BUY,79,100
1626831172670242,20210721093252650,1961076,SELL,78.95,100
1626831173703767,20210721093253130,1963553,SELL,78.95,400
1626831173745507,20210721093253540,1965668,SELL,84.56,300
1626831174264646,20210721093254030,1967809,SELL,78.95,400
1626831176032726,20210721093255820,1978476,SELL,80.56,200
1626831187847148,20210721093307600,2057944,SELL,80.4,300
1626831193663641,20210721093312350,2088587,SELL,85,200
1626831193695549,20210721093312550,2089900,SELL,78.9,400
1626831193696105,20210721093312560,2089918,BUY,78.57,300
1626831193696123,20210721093312560,2089919,BUY,78.57,100
1626831193696149,20210721093312560,2089920,BUY,78.57,400
1626831193696178,20210721093312560,2089921,BUY,78.57,400
1626831193698844,20210721093312580,2090052,BUY,78.58,800
1626831193764330,20210721093312990,2092868,BUY,78.9,300
1626831193764716,20210721093312990,2092901,BUY,78.59,400
1626831193764773,20210721093312990,2092911,BUY,78.59,400
1626831193764988,20210721093312990,2092926,BUY,78.59,300
1626831193765236,20210721093312990,2092941,BUY,78.59,500
1626831193798844,20210721093313170,2095085,BUY,78.6,200
1626831193800515,20210721093313180,2095148,BUY,78.61,100
1626831193800630,20210721093313180,2095151,BUY,78.61,100
1626831193838729,20210721093313330,2096487,BUY,78.62,300
1626831193919504,20210721093313620,2098240,BUY,78.55,100
1626831193939878,20210721093313740,2098813,BUY,78.62,300
1626831195029904,20210721093314990,2105411,BUY,78.63,200
1626831195030263,20210721093314990,2105423,BUY,78.64,200
1626831195030264,20210721093314990,2105424,BUY,78.64,100
1626831195030818,20210721093315000,2105434,BUY,78.64,200
1626831195339914,20210721093315120,2106272,BUY,78.65,800
1626831195339944,20210721093315120,2106287,BUY,78.95,100
1626831195340034,20210721093315120,2106294,BUY,78.66,800
1626831195356046,20210721093315200,2107119,BUY,78.95,200
1626831197785436,20210721093317680,2123174,SELL,79.01,300
1626831197785473,20210721093317680,2123175,BUY,78.66,800
1626831197785474,20210721093317680,2123176,BUY,78.66,100
1626831197785573,20210721093317680,2123186,BUY,78.66,300
1626831200290851,20210721093319630,2135537,BUY,78.67,900
1626831201506085,20210721093321190,2144171,BUY,78,600
1626831201816561,20210721093321190,2144203,BUY,78.68,300
1626831202142827,20210721093321330,2144926,BUY,78.69,700
1626831202452014,20210721093321430,2145452,BUY,78.68,200
1626831202480005,20210721093321490,2145722,BUY,79.01,300
1626831202480251,20210721093321490,2145744,BUY,78.7,700
1626831202480254,20210721093321490,2145745,BUY,78.7,100
1626831202487193,20210721093321590,2146359,BUY,78.71,800
1626831205742604,20210721093325410,2171434,BUY,78.72,100
1626831205744089,20210721093325420,2171471,BUY,78.73,200
1626831205997271,20210721093325810,2173785,BUY,78.2,500
1626831206003660,20210721093325870,2174029,BUY,78.74,700
1626831209339942,20210721093329140,2193710,BUY,78.68,400
1626831209340157,20210721093329150,2193742,BUY,78.75,100
1626831209340523,20210721093329150,2193767,BUY,78.75,300
1626831209356924,20210721093329260,2194396,BUY,78.75,300
1626831209364728,20210721093329350,2194804,BUY,78.76,800
1626831210482485,20210721093330400,2200642,BUY,78.77,300
1626831210491424,20210721093330450,2200918,BUY,78.78,900
1626831210974145,20210721093330720,2202671,SELL,81,100
1626831217667380,20210721093336990,2239830,BUY,76,1000
1626831217667622,20210721093337000,2239869,BUY,78.79,300
1626831217667849,20210721093337000,2239884,BUY,78.8,100
1626831218093935,20210721093337880,2246044,BUY,79.01,700
1626831219213618,20210721093338890,2251403,SELL,80.5,100
1626831222601955,20210721093342590,2271930,SELL,78.78,1700
1626831222606360,20210721093342590,2271951,BUY,78.79,100
1626831223024862,20210721093342770,2273097,BUY,78.8,1000
1626831234174998,20210721093354160,2334779,BUY,78.81,300
1626831236216221,20210721093355950,2344869,BUY,78.82,300
1626831236226843,20210721093356040,2345233,BUY,78.82,400
1626831236230115,20210721093356060,2345324,BUY,78.82,300
1626831236244189,20210721093356130,2345818,BUY,78.83,300
1626831236251197,20210721093356220,2346516,BUY,78.84,400
1626831236304492,20210721093356290,2346935,BUY,78.85,300
1626831240877826,20210721093400830,2372095,SELL,79.8,100
1626831240878484,20210721093400830,2372132,BUY,78.86,300
1626831241234080,20210721093400970,2373059,BUY,78.87,300
1626831245552717,20210721093405050,2399915,SELL,78.8,2000
1626831245592245,20210721093405160,2401133,BUY,78.78,1200
1626831250669633,20210721093410620,2436698,SELL,79.02,200
1626831250991860,20210721093410810,2437546,BUY,78.8,200
1626831254039388,20210721093413550,2454878,SELL,78.8,100
1626831256657778,20210721093416270,2470010,BUY,78.88,400
1626831260391187,20210721093420070,2491010,SELL,78.77,100
1626831260409765,20210721093420220,2491887,SELL,78.77,100
1626831261027905,20210721093421010,2495497,SELL,78.75,2000
1626831262958977,20210721093422940,2506421,SELL,78.77,100
1626831262965701,20210721093422950,2506441,SELL,78.98,1000
1626831263121501,20210721093423110,2507354,SELL,78.77,100
1626831263127893,20210721093423110,2507387,SELL,78.97,1000
1626831263138830,20210721093423120,2507474,SELL,78.97,100
1626831264642130,20210721093424310,2513297,SELL,78.88,100
1626831264682075,20210721093424500,2514216,SELL,78.77,100
1626831267836274,20210721093427390,2529586,SELL,79.6,600
1626831267836775,20210721093427410,2529658,SELL,78.75,100
1626831268847758,20210721093428630,2536789,BUY,78.03,100
1626831271035371,20210721093431010,2548867,BUY,78.8,100
1626831271039873,20210721093431020,2548901,SELL,78.87,200
1626831271049328,20210721093431030,2548993,SELL,78.87,200
1626831271049843,20210721093431030,2549001,SELL,78.87,100
1626831274890122,20210721093434870,2570086,BUY,78.5,100
1626831275491951,20210721093435350,2573083,BUY,79.02,500
1626831286246025,20210721093445760,2627391,BUY,77.75,500
1626831292734650,20210721093452340,2661238,BUY,78.2,200
1626831292735229,20210721093452340,2661262,SELL,78.87,100
1626831295635486,20210721093455180,2675243,BUY,78.8,100
1626831301289994,20210721093501160,2705523,SELL,80.98,100
1626831302179958,20210721093502030,2710552,SELL,78.55,100
1626831302380425,20210721093502360,2712484,SELL,78.55,100
1626831303883340,20210721093503760,2719117,SELL,78.55,400
1626831303884053,20210721093503770,2719139,SELL,78.86,100
1626831303884826,20210721093503770,2719152,SELL,78.86,100
1626831303958373,20210721093503940,2720201,SELL,78.55,1000
1626831303966264,20210721093503940,2720233,BUY,78.55,100
1626831303966309,20210721093503940,2720235,BUY,78.55,800
1626831303968666,20210721093503950,2720252,SELL,78.85,100
1626831305351184,20210721093505070,2727715,SELL,78.55,400
1626831305417832,20210721093505400,2729790,SELL,78.55,100
1626831306135072,20210721093506040,2733931,BUY,78.58,100
1626831306210617,20210721093506190,2734958,BUY,78.55,400
1626831306217123,20210721093506190,2734977,SELL,78.85,100
1626831308735374,20210721093508640,2749518,SELL,78.5,100
1626831308735436,20210721093508650,2749534,SELL,78.84,100
1626831308735660,20210721093508650,2749563,SELL,78.84,100
1626831308735989,20210721093508660,2749593,SELL,78.84,100
1626831308754856,20210721093508740,2749915,BUY,78.51,200
1626831308761652,20210721093508750,2749957,SELL,78.78,1000
1626831309977178,20210721093509460,2753884,BUY,78.87,800
1626831309977324,20210721093509470,2753899,SELL,78.73,400
1626831310542191,20210721093510420,2760851,SELL,78.72,300
1626831314196719,20210721093513880,2781932,BUY,78.13,200
1626831314514494,20210721093513940,2782205,BUY,78.52,300
1626831315099769,20210721093515080,2787861,SELL,78.55,400
1626831315409802,20210721093515090,2787893,SELL,78.5,700
1626831315420087,20210721093515090,2787928,BUY,78.21,100
1626831315420091,20210721093515090,2787929,BUY,78.21,400
1626831315420093,20210721093515090,2787930,BUY,78.21,300
1626831315796844,20210721093515530,2790165,BUY,78.55,400
1626831315797440,20210721093515540,2790198,BUY,78.22,300
1626831315797456,20210721093515540,2790199,SELL,78.83,100
1626831315797482,20210721093515540,2790200,SELL,78.83,100
1626831315797533,20210721093515540,2790201,BUY,78.22,400
1626831317774686,20210721093517140,2800211,SELL,78,1000
1626831317774694,20210721093517150,2800231,BUY,78.22,100
1626831317774697,20210721093517150,2800235,SELL,78.82,300
1626831317774729,20210721093517150,2800263,BUY,78.22,1000
1626831317774759,20210721093517160,2800292,BUY,78.22,100
1626831319076472,20210721093518870,2809690,BUY,78.51,100
1626831319076742,20210721093518870,2809711,SELL,78.81,300
1626831319076760,20210721093518870,2809712,SELL,78.81,300
1626831322824824,20210721093522410,2831897,SELL,78.75,600
1626831322824885,20210721093522420,2831932,SELL,78.74,600
1626831322824888,20210721093522420,2831934,SELL,78.74,600
1626831322825029,20210721093522420,2831936,SELL,78.74,300
1626831323319757,20210721093523000,2834562,BUY,78.21,3000
1626831323637289,20210721093523050,2834962,BUY,78.51,200
1626831328666222,20210721093528330,2866983,SELL,78.51,300
1626831328666768,20210721093528330,2867038,SELL,78.73,900
1626831328666821,20210721093528330,2867039,BUY,78.23,200
1626831328666824,20210721093528330,2867042,BUY,78.23,600
1626831328684552,20210721093528440,2867688,BUY,78.23,200
1626831328689930,20210721093528470,2867846,BUY,78.24,200
1626831328692731,20210721093528490,2867908,BUY,78.73,100
1626831328693484,20210721093528490,2867935,BUY,78.25,200
1626831328693556,20210721093528490,2867936,SELL,78.72,800
1626831329034034,20210721093528990,2870226,BUY,78.72,100
1626831329037229,20210721093528990,2870256,SELL,78.71,200
1626831329037256,20210721093528990,2870262,SELL,78.71,400
1626831329455536,20210721093529150,2871164,BUY,78.26,200
1626831330005007,20210721093529990,2875126,BUY,78.71,100
1626831330008061,20210721093529990,2875146,BUY,78.27,200
1626831330008187,20210721093529990,2875147,SELL,78.7,500
1626831330014201,20210721093530000,2875171,BUY,78.27,200
1626831330181236,20210721093530160,2876283,BUY,78.28,200
1626831330736343,20210721093530490,2877817,BUY,78.7,200
1626831330736871,20210721093530490,2877826,BUY,78.29,200
1626831331906956,20210721093531890,2887629,SELL,78.13,4000
1626831331907271,20210721093531890,2887644,BUY,78.22,200
1626831331907275,20210721093531890,2887645,BUY,78.22,800
1626831331907280,20210721093531890,2887647,BUY,78.22,100
1626831331907282,20210721093531890,2887648,SELL,78.69,300
1626831331907619,20210721093531890,2887652,SELL,78.69,500
1626831334998534,20210721093534460,2902883,BUY,78.75,100
1626831334998609,20210721093534460,2902893,SELL,78.68,700
1626831335287443,20210721093534540,2903307,BUY,78.22,200
1626831335303591,20210721093534690,2904051,BUY,78.23,300
1626831335304693,20210721093534730,2904158,BUY,78.24,400
1626831337102431,20210721093536350,2911917,BUY,78.74,100
1626831337102870,20210721093536360,2911951,SELL,78.67,500
1626831337103032,20210721093536360,2911958,BUY,78.25,100
1626831337104438,20210721093536370,2911989,BUY,78.25,100
1626831338711126,20210721093538510,2923963,BUY,78.78,100
1626831338711362,20210721093538510,2923977,SELL,78.66,400
1626831338711366,20210721093538510,2923978,BUY,78.26,100
1626831338711443,20210721093538520,2923995,SELL,78.66,300
1626831338715966,20210721093538610,2924342,BUY,78.27,300
1626831340175360,20210721093539910,2930727,BUY,78.31,300
1626831340175469,20210721093539920,2930754,SELL,78.65,400
1626831340175479,20210721093539920,2930760,SELL,78.6,600
1626831340175627,20210721093539920,2930793,BUY,78.32,500
1626831340175999,20210721093539940,2930897,BUY,78.31,300
1626831340176020,20210721093539940,2930901,BUY,78.66,600
1626831340176101,20210721093539940,2930941,BUY,78.33,100
1626831340179052,20210721093540000,2931220,BUY,78.66,100
1626831344273152,20210721093544260,2953543,BUY,78.34,200
1626831344768866,20210721093544750,2955838,BUY,78.2,100
1626831348325965,20210721093548300,2973621,SELL,78.65,4300
1626831348326970,20210721093548300,2973650,SELL,78.64,1300
1626831348326989,20210721093548300,2973651,SELL,78.64,400
1626831349277271,20210721093548880,2976471,BUY,78.34,100
1626831349278905,20210721093548890,2976529,SELL,78.63,300
1626831349301179,20210721093549020,2977364,BUY,78.34,100
1626831350140021,20210721093549850,2981555,SELL,78.24,1000
1626831350140813,20210721093549850,2981572,SELL,78.62,300
1626831350142416,20210721093549860,2981601,SELL,78.62,400
1626831350788320,20210721093550770,2985527,SELL,80.4,500
1626831350794143,20210721093550780,2985538,SELL,78.61,300
1626831354382729,20210721093554250,3001700,SELL,80,100
1626831354383108,20210721093554260,3002049,SELL,78.6,400
1626831354383276,20210721093554260,3002060,SELL,78.59,400
1626831355092677,20210721093554960,3005623,SELL,78.95,100
1626831355092727,20210721093554960,3005624,SELL,80,100
1626831355092730,20210721093554960,3005625,SELL,79.6,100
1626831355092733,20210721093554960,3005626,SELL,78.77,100
1626831355092737,20210721093554960,3005627,SELL,78.55,100
1626831355092905,20210721093554960,3005651,SELL,78.58,300
1626831355099554,20210721093555000,3005830,SELL,78.9,100
1626831355099794,20210721093555000,3005856,SELL,79.02,100
1626831356565721,20210721093556550,3013398,SELL,78.26,100
1626831356568815,20210721093556550,3013425,SELL,78.54,100
1626831356574569,20210721093556560,3013449,SELL,78.54,100
1626831356584940,20210721093556570,3013534,SELL,78.54,100
1626831358720284,20210721093558220,3021944,BUY,77.2,600
1626831364243858,20210721093603040,3047561,SELL,78.03,2000
1626831364245205,20210721093603050,3047585,SELL,78.53,200
1626831364245208,20210721093603050,3047586,SELL,78.53,200
1626831364246145,20210721093603050,3047610,SELL,78.53,100
1626831368830502,20210721093608820,3083083,BUY,78.8,300
1626831368835955,20210721093608820,3083102,SELL,78.52,100
1626831368842708,20210721093608820,3083116,SELL,78.52,100
1626831371303243,20210721093611290,3097892,SELL,80,100
1626831373798546,20210721093613690,3111310,BUY,77.43,100
1626831381815609,20210721093621510,3149458,SELL,78.03,100
1626831381815810,20210721093621510,3149473,SELL,78.51,200
1626831381815812,20210721093621510,3149475,SELL,78.51,200
1626831382124103,20210721093621570,3149818,SELL,78.03,100
1626831383755729,20210721093623700,3162023,SELL,78.03,100
1626831383755979,20210721093623700,3162070,SELL,78.5,200
1626831383756107,20210721093623710,3162091,SELL,78.5,200
1626831383756312,20210721093623710,3162103,SELL,78.03,100
1626831383756435,20210721093623720,3162120,SELL,78.49,400
1626831383768533,20210721093623750,3162281,BUY,78.01,500
1626831383789834,20210721093623770,3162366,BUY,78.01,600
1626831383850554,20210721093623830,3162560,SELL,78.48,400
1626831383968556,20210721093623950,3163059,SELL,78,600
1626831383971981,20210721093623960,3163109,SELL,78.47,200
1626831383972001,20210721093623960,3163111,SELL,78.47,300
1626831385146990,20210721093624630,3166487,SELL,78.03,400
1626831385147567,20210721093624640,3166503,BUY,78.03,400
1626831385147581,20210721093624640,3166506,BUY,78.03,100
1626831385147634,20210721093624640,3166507,BUY,78.03,100
1626831385147665,20210721093624640,3166511,BUY,78.03,400
1626831385147671,20210721093624640,3166513,BUY,78.03,100
1626831385151367,20210721093624640,3166514,BUY,78.03,100
1626831385187162,20210721093625000,3168566,SELL,78.03,400
1626831385291023,20210721093625260,3170999,BUY,76,100
1626831385291104,20210721093625270,3171037,SELL,78.46,300
1626831385295418,20210721093625270,3171084,SELL,78.46,400
1626831386531525,20210721093626350,3176431,BUY,78.01,100
1626831386531770,20210721093626350,3176445,SELL,78.45,400
1626831388890993,20210721093628570,3187839,BUY,77.01,200
1626831388891112,20210721093628580,3187858,SELL,78.44,300
1626831388891187,20210721093628580,3187870,SELL,78.43,200
1626831388891195,20210721093628580,3187873,SELL,78.43,300
1626831388891209,20210721093628580,3187875,SELL,78.44,400
1626831389708452,20210721093629690,3192394,SELL,82.99,300
1626831389716986,20210721093629700,3192446,SELL,78.42,400
1626831389720578,20210721093629700,3192469,SELL,78.41,400
1626831389720606,20210721093629700,3192470,SELL,78.42,300
1626831391805745,20210721093631420,3201282,SELL,78.4,300
1626831391807070,20210721093631430,3201301,SELL,78.4,300
1626831393160660,20210721093633140,3208919,BUY,77.52,500
1626831394599313,20210721093633860,3212223,BUY,78.03,100
1626831394603438,20210721093633870,3212234,SELL,78.39,200
1626831394603441,20210721093633870,3212235,SELL,78.39,300
1626831395419254,20210721093635210,3219038,SELL,77.6,2000
1626831395419509,20210721093635210,3219056,BUY,77.61,100
1626831395419524,20210721093635210,3219057,SELL,78.38,300
1626831395419551,20210721093635210,3219063,BUY,77.61,100
1626831395419717,20210721093635220,3219071,SELL,78.38,300
1626831395420358,20210721093635240,3219136,BUY,77.61,400
1626831395425093,20210721093635310,3219485,BUY,77.62,500
1626831397047603,20210721093636840,3225905,BUY,77.63,300
1626831397047740,20210721093636850,3225934,SELL,78.37,400
1626831399823884,20210721093639770,3239463,BUY,77.64,500
1626831399824368,20210721093639770,3239548,SELL,78.36,300
1626831399824556,20210721093639770,3239580,SELL,78.36,400
1626831404059506,20210721093643240,3257118,BUY,77,300
1626831404060057,20210721093643250,3257158,BUY,77.65,100
1626831404060238,20210721093643250,3257187,SELL,78.35,200
1626831404060243,20210721093643250,3257189,SELL,78.35,300
1626831404060813,20210721093643260,3257230,BUY,77.65,100
1626831404073686,20210721093643350,3257868,BUY,77.66,500
1626831404109155,20210721093643660,3259142,BUY,77.67,300
1626831404148011,20210721093643930,3260319,BUY,77.68,400
1626831404148871,20210721093643940,3260363,SELL,78.34,400
1626831406490463,20210721093646410,3272586,BUY,77.69,100
1626831406490467,20210721093646410,3272589,BUY,77.69,100
1626831406490949,20210721093646410,3272618,SELL,78.33,400
1626831406491077,20210721093646410,3272624,BUY,77.7,100
1626831406493100,20210721093646440,3272731,BUY,77.7,300
1626831409099363,20210721093648770,3283326,BUY,77.71,400
1626831409099785,20210721093648780,3283386,BUY,77.72,100
1626831409100138,20210721093648790,3283441,BUY,77.7,600
1626831411146069,20210721093651130,3294837,BUY,77,100
1626831411517966,20210721093651260,3295433,BUY,77.73,400
1626831413271966,20210721093653260,3306967,SELL,77.7,300
1626831413276452,20210721093653260,3306988,SELL,78.32,200
1626831413276977,20210721093653260,3307000,BUY,77.74,100
1626831413279887,20210721093653260,3307010,SELL,78.32,200
1626831413374898,20210721093653350,3307361,SELL,78.31,400
1626831415900954,20210721093655420,3319039,BUY,77.75,100
1626831415900971,20210721093655420,3319073,SELL,78.3,200
1626831415900990,20210721093655420,3319078,SELL,78.3,300
1626831415900996,20210721093655420,3319084,SELL,78.3,200
1626831415901052,20210721093655430,3319105,SELL,78.3,200
1626831415902088,20210721093655540,3319671,BUY,77.75,200
1626831415909653,20210721093655750,3320426,SELL,78.29,300
1626831415914359,20210721093655790,3320624,SELL,77.68,2000
1626831415914727,20210721093655800,3320641,SELL,78.28,300
1626831415931527,20210721093655910,3321119,BUY,77.69,800
1626831418600604,20210721093658420,3334496,BUY,77.7,100
1626831418600727,20210721093658420,3334532,SELL,78.27,200
1626831418600808,20210721093658420,3334545,BUY,77.71,100
1626831418600809,20210721093658420,3334546,BUY,77.71,100
1626831418600825,20210721093658430,3334550,SELL,78.27,200
1626831418638791,20210721093658620,3335374,SELL,78.26,300
1626831419224298,20210721093659210,3338220,BUY,77.8,600
1626831419567759,20210721093659550,3339650,BUY,78.3,100
1626831419571267,20210721093659560,3339665,SELL,78.25,200
1626831419571275,20210721093659560,3339667,SELL,78.25,200
1626831422465702,20210721093702210,3355096,BUY,77.77,500
1626831422465725,20210721093702210,3355133,SELL,78.24,300
1626831422465738,20210721093702210,3355143,BUY,77.81,100
1626831422466745,20210721093702210,3355156,SELL,78.24,500
1626831422469083,20210721093702240,3355277,BUY,77.81,100
1626831422469126,20210721093702240,3355280,BUY,77.81,300
1626831423465545,20210721093703450,3360589,BUY,77.65,100
1626831424793469,20210721093704040,3364098,BUY,77.69,100
1626831424794397,20210721093704040,3364130,SELL,78.23,500
1626831425260530,20210721093705050,3369953,SELL,78.22,300
1626831425261264,20210721093705060,3369977,SELL,78.22,500
1626831425707067,20210721093705640,3373461,SELL,77.63,1300
1626831425707190,20210721093705640,3373482,SELL,78.21,200
1626831425707193,20210721093705640,3373483,SELL,78.21,200
1626831425707338,20210721093705650,3373509,BUY,77.69,200
1626831425874373,20210721093705860,3374480,BUY,77.75,1000
1626831425882809,20210721093705870,3374493,SELL,78.2,400
1626831427725715,20210721093707430,3384174,BUY,77.76,100
1626831427725838,20210721093707430,3384192,SELL,78.19,400
1626831427726451,20210721093707430,3384211,SELL,78.19,200
1626831427726996,20210721093707450,3384309,SELL,78.19,200
1626831428975896,20210721093708850,3391655,BUY,76.5,100
1626831429332185,20210721093709030,3392377,SELL,78.18,500
1626831429332722,20210721093709040,3392406,SELL,78.17,200
1626831429332732,20210721093709040,3392408,SELL,78.17,300
1626831429333564,20210721093709040,3392450,BUY,77,100
1626831430001393,20210721093709880,3397330,BUY,77.68,100
1626831430002033,20210721093709880,3397374,SELL,78.16,300
1626831430002747,20210721093709890,3397400,SELL,78.16,300
1626831430551013,20210721093710480,3402120,SELL,77.66,2000
1626831430551129,20210721093710480,3402139,BUY,77.66,400
1626831430551186,20210721093710480,3402149,BUY,77.66,400
1626831430551443,20210721093710480,3402151,SELL,78.15,400
1626831430571990,20210721093710550,3402499,BUY,77.67,500
1626831431753506,20210721093711610,3408191,SELL,77.71,100
1626831431753800,20210721093711610,3408202,BUY,77.71,100
1626831431753976,20210721093711620,3408207,BUY,77.71,100
1626831431754059,20210721093711620,3408212,SELL,78.15,200
1626831431754063,20210721093711620,3408213,SELL,78.15,300
1626831431760315,20210721093711690,3408501,BUY,78.19,1000
1626831434215480,20210721093713460,3420040,BUY,75,200
1626831434215605,20210721093713460,3420062,SELL,78.15,100
1626831434215902,20210721093713470,3420092,BUY,77.72,100
1626831434248002,20210721093713830,3421708,BUY,77.9,1800
1626831437465695,20210721093717270,3439440,BUY,77,400
1626831437467266,20210721093717280,3439471,SELL,78.14,500
1626831437485626,20210721093717420,3439984,BUY,77.72,100
1626831437486157,20210721093717440,3440053,BUY,77.5,100
1626831437538412,20210721093717520,3440347,SELL,77.89,1300
1626831439450309,20210721093718860,3446564,BUY,77.72,100
1626831439452698,20210721093718870,3446608,SELL,78.13,500
1626831439572319,20210721093719510,3450552,BUY,77.67,100
1626831439573715,20210721093719520,3450579,SELL,78.12,400
1626831440018280,20210721093719760,3451726,SELL,78.1,100
1626831441716013,20210721093721560,3459824,BUY,78.15,100
1626831441716547,20210721093721560,3459846,SELL,78.11,400
1626831445837758,20210721093725180,3478328,SELL,77.71,100
1626831445843417,20210721093725190,3478378,SELL,78.1,200
1626831446000738,20210721093725980,3482112,SELL,77.71,100
1626831446004417,20210721093725990,3482142,SELL,78.09,200
1626831446150315,20210721093726130,3482953,BUY,77.33,100
1626831446173037,20210721093726150,3483032,SELL,77.89,300
1626831447830651,20210721093727010,3486536,SELL,77.71,400
1626831447830840,20210721093727010,3486556,BUY,77.71,100
1626831447830853,20210721093727010,3486558,BUY,77.71,100
1626831447830935,20210721093727020,3486566,BUY,77.71,100
1626831447831023,20210721093727020,3486570,SELL,78.09,200
1626831447877821,20210721093727330,3488106,BUY,76.8,2000
1626831447878842,20210721093727330,3488137,SELL,77.71,200
1626831448223447,20210721093727840,3490778,BUY,78.13,100
1626831448223859,20210721093727850,3490814,SELL,78.08,200
1626831448289995,20210721093728270,3493844,SELL,77.65,1000
1626831448291232,20210721093728270,3493874,BUY,77.65,300
1626831448293701,20210721093728270,3493882,BUY,77.65,300
1626831448293724,20210721093728270,3493883,BUY,77.61,100
1626831448293821,20210721093728270,3493884,SELL,78.07,200
1626831448371980,20210721093728360,3494307,SELL,77.71,100
1626831448379375,20210721093728360,3494327,BUY,77.71,100
1626831448704037,20210721093728390,3494518,BUY,77.66,400
1626831448704044,20210721093728390,3494530,BUY,77.66,600
1626831448960373,20210721093728940,3497082,SELL,78.06,500
1626831451617068,20210721093730690,3505134,BUY,77.66,800
1626831454029881,20210721093733870,3521161,BUY,77.66,100
1626831454030026,20210721093733870,3521177,BUY,77.67,100
1626831455360242,20210721093735140,3527789,BUY,77.6,100
1626831458211154,20210721093738190,3541891,BUY,77.68,200
1626831458639839,20210721093738620,3543500,BUY,77.71,400
1626831459539384,20210721093739420,3546980,SELL,77.71,400
1626831459539485,20210721093739420,3546990,BUY,77.69,100
1626831461202442,20210721093740410,3552381,BUY,77.66,100
1626831461219246,20210721093740560,3553051,SELL,78.7,200
1626831462429505,20210721093742410,3560924,BUY,77.68,100
1626831462444744,20210721093742420,3560948,BUY,77.7,300
1626831463047594,20210721093743030,3564347,BUY,77.6,200
1626831464345607,20210721093744110,3569970,BUY,77.68,200
1626831466288157,20210721093745530,3575437,BUY,77,200
1626831467238330,20210721093747220,3583665,SELL,77.6,2000
1626831467241084,20210721093747230,3583686,BUY,77.67,100
1626831467241838,20210721093747230,3583687,SELL,78.05,300
1626831467665809,20210721093747650,3585324,BUY,77.7,100
1626831469016971,20210721093748870,3590223,BUY,77.7,100
1626831469017800,20210721093748880,3590243,SELL,78.04,200
1626831469019401,20210721093748880,3590256,SELL,78.04,200
1626831470661291,20210721093750650,3597967,BUY,76,100
1626831470750133,20210721093750740,3598324,BUY,77.71,100
1626831473088452,20210721093753070,3608872,SELL,77.7,200
1626831475400488,20210721093755140,3617810,BUY,74.5,200
1626831480374420,20210721093759590,3636514,SELL,77.65,100
1626831480374453,20210721093759600,3636535,BUY,77.67,100
1626831481168775,20210721093800610,3640927,BUY,77.68,1000
1626831481175649,20210721093800710,3641590,BUY,77.6,100
1626831481200664,20210721093800860,3642497,SELL,77.65,100
1626831481431563,20210721093801220,3644624,SELL,77.65,100
1626831481512448,20210721093801490,3646173,BUY,76,300
1626831482715700,20210721093802390,3650985,SELL,78.03,100
1626831482719813,20210721093802400,3651009,BUY,77.69,100
1626831482719947,20210721093802400,3651035,SELL,78.02,400
1626831482720959,20210721093802450,3651314,SELL,78.03,100
1626831482721038,20210721093802460,3651359,SELL,78.03,200
1626831482751895,20210721093802590,3652152,SELL,77.52,2000
1626831482752016,20210721093802600,3652173,SELL,78.01,300
1626831482825654,20210721093802810,3652930,SELL,78,400
1626831483535859,20210721093803390,3655826,SELL,77.65,400
1626831483563874,20210721093803520,3656675,SELL,77.65,100
1626831483586045,20210721093803560,3656985,SELL,78.03,100
1626831485678159,20210721093805420,3671250,BUY,77.68,100
1626831486425628,20210721093806340,3676488,SELL,77.65,400
1626831487482266,20210721093807460,3684433,SELL,77.64,100
1626831487482269,20210721093807460,3684435,SELL,77.64,100
1626831487498496,20210721093807480,3684544,SELL,77.64,100
1626831487606028,20210721093807590,3685150,SELL,77.64,200
1626831489169360,20210721093809150,3693204,BUY,77.66,100
1626831491286147,20210721093811270,3705286,SELL,78.03,600
1626831491458677,20210721093811440,3706061,BUY,76.6,1000
1626831492094107,20210721093812080,3708695,SELL,77.63,600
1626831494369630,20210721093813550,3717223,BUY,77.65,400
1626831494372383,20210721093813590,3717450,BUY,77.53,1100
1626831494376143,20210721093813610,3717497,BUY,77.52,100
1626831494422418,20210721093813980,3719033,BUY,77.63,100
1626831494713526,20210721093814480,3721601,BUY,77.63,100
1626831495291874,20210721093815280,3724787,SELL,77.2,2000
1626831497016657,20210721093816440,3731225,SELL,77.62,100
1626831497044119,20210721093816680,3732239,SELL,77.62,200
1626831497044252,20210721093816690,3732251,SELL,77.62,100
1626831499539218,20210721093819520,3746665,BUY,77.52,100
1626831500081464,20210721093819820,3747814,BUY,77.54,1000
1626831500493143,20210721093820430,3750398,BUY,76.5,100
1626831501040234,20210721093821030,3752619,BUY,76.9,100
1626831502832405,20210721093822620,3760417,BUY,77.51,100
1626831505650659,20210721093825630,3774120,BUY,77.08,100
1626831506556589,20210721093826540,3778190,BUY,77.53,200
1626831506832770,20210721093826820,3779201,BUY,76,100
1626831507000734,20210721093826980,3779834,BUY,77.62,100
1626831507813047,20210721093827480,3781977,BUY,77.62,200
1626831507844890,20210721093827780,3783272,SELL,77.01,2000
1626831507845072,20210721093827780,3783304,SELL,77.5,100
1626831508201236,20210721093827880,3783824,BUY,77.51,200
1626831511427838,20210721093831180,3799505,SELL,77.51,100
1626831511432931,20210721093831200,3799606,SELL,77.61,100
1626831511445614,20210721093831240,3799821,SELL,77.51,100
1626831512946813,20210721093832930,3807183,SELL,77.51,100
1626831512952362,20210721093832940,3807204,SELL,77.5,200
1626831513172410,20210721093833160,3808060,BUY,77.62,200
1626831513981250,20210721093833570,3809868,SELL,77.51,600
1626831513982158,20210721093833580,3809920,SELL,77.5,100
1626831513987115,20210721093833630,3810152,BUY,77.09,600
1626831514156645,20210721093834140,3812838,SELL,77.51,600
1626831515377340,20210721093835360,3818522,BUY,77.5,100
1626831515380349,20210721093835360,3818530,SELL,77.5,100
1626831515380456,20210721093835360,3818532,SELL,77.5,100
1626831515380465,20210721093835360,3818533,SELL,77.5,100
1626831515382515,20210721093835370,3818554,BUY,77.1,600
1626831517704229,20210721093837420,3829416,BUY,77.09,500
1626831517704618,20210721093837420,3829433,SELL,77.5,1200
1626831518463709,20210721093838450,3833408,BUY,77,100
1626831518545496,20210721093838530,3833688,BUY,77.61,100
1626831518553435,20210721093838540,3833704,BUY,77.11,200
1626831519231684,20210721093839220,3836334,BUY,76.82,300
1626831520450369,20210721093840120,3840674,BUY,77.62,200
1626831520450508,20210721093840120,3840677,BUY,77.51,100
1626831520450806,20210721093840130,3840694,BUY,77.12,200
1626831520756046,20210721093840140,3840773,SELL,77.49,500
1626831521989198,20210721093841960,3848505,SELL,77,4000
1626831521989271,20210721093841970,3848530,BUY,77.01,1800
1626831521989275,20210721093841970,3848531,SELL,77.48,500
1626831521989289,20210721093841970,3848534,SELL,77.48,300
1626831521989804,20210721093841970,3848544,SELL,77.48,600
1626831522216677,20210721093842200,3849527,SELL,77.47,800
1626831522717809,20210721093842550,3850946,BUY,76.3,600
1626831522720451,20210721093842580,3851036,BUY,77.52,100
1626831522720711,20210721093842580,3851059,SELL,77.46,700
1626831522732293,20210721093842600,3851126,BUY,77.1,100
1626831524354037,20210721093844280,3858743,BUY,77.5,100
1626831524436771,20210721093844420,3859284,SELL,77.45,600
1626831525110209,20210721093845090,3861620,BUY,77.53,100
1626831525112439,20210721093845100,3861638,SELL,77.44,500
1626831526714026,20210721093846300,3867149,BUY,77.62,700
1626831526736682,20210721093846430,3867909,BUY,77.11,800
1626831527313129,20210721093847300,3871697,BUY,77.11,200
1626831527615709,20210721093847600,3872807,SELL,77.05,100
1626831529975542,20210721093849580,3881680,BUY,77.11,100
1626831530465745,20210721093850180,3884075,SELL,77.02,2000
1626831530465884,20210721093850180,3884092,BUY,77.02,900
1626831530465916,20210721093850180,3884096,BUY,77.02,200
1626831530466017,20210721093850190,3884103,BUY,77.02,200
1626831530466049,20210721093850190,3884108,BUY,77.01,1800
1626831530466113,20210721093850190,3884109,SELL,77.44,300
1626831530466124,20210721093850190,3884110,SELL,77.44,300
1626831530478871,20210721093850370,3884840,SELL,77.43,700
1626831530483741,20210721093850440,3885075,BUY,77.03,300
1626831530627780,20210721093850610,3885673,SELL,79,600
1626831533287139,20210721093853110,3897124,BUY,77.1,1600
1626831533409595,20210721093853390,3898287,BUY,77.18,100
1626831534622289,20210721093854600,3902726,SELL,76.82,2000
1626831534622534,20210721093854600,3902746,SELL,77.42,700
1626831534818324,20210721093854800,3903720,SELL,77.01,100
1626831534821494,20210721093854800,3903741,BUY,77.01,100
1626831534923225,20210721093854900,3904226,BUY,77.02,100
1626831535625111,20210721093855090,3904958,BUY,77,100
1626831535635710,20210721093855160,3905449,SELL,77.41,500
1626831535643256,20210721093855220,3905832,BUY,78,5600
1626831535643280,20210721093855220,3905854,SELL,78,1200
1626831535643282,20210721093855220,3905856,SELL,78,1000
1626831535643289,20210721093855220,3905857,SELL,78,1000
1626831535643421,20210721093855220,3905858,SELL,78,200
1626831535643428,20210721093855220,3905859,SELL,78.01,400
1626831535643430,20210721093855220,3905860,SELL,78,300
1626831535643433,20210721093855220,3905863,SELL,78,100
1626831535643602,20210721093855220,3905865,SELL,78,1000
1626831535643615,20210721093855220,3905866,SELL,78,200
1626831535652511,20210721093855290,3906252,SELL,78,400
1626831535654977,20210721093855290,3906289,SELL,77.97,500
1626831535655390,20210721093855300,3906346,SELL,77.97,300
1626831535657772,20210721093855330,3906485,BUY,77.03,800
1626831535672073,20210721093855330,3906492,SELL,77.96,800
1626831535672780,20210721093855340,3906532,SELL,78,800
1626831535672784,20210721093855340,3906540,BUY,77.04,200
1626831535673567,20210721093855370,3906634,SELL,77.95,400
1626831535673883,20210721093855370,3906684,SELL,77.95,500
1626831535674219,20210721093855390,3906753,BUY,77.05,400
1626831535677305,20210721093855400,3906786,SELL,79,100
1626831535682017,20210721093855510,3907194,SELL,78,1200
1626831536342981,20210721093856330,3910143,BUY,77.47,700
1626831536345929,20210721093856330,3910153,BUY,77.48,700
1626831536346202,20210721093856330,3910154,SELL,77.94,900
1626831536348935,20210721093856330,3910160,SELL,77.94,100
1626831536510833,20210721093856500,3910653,SELL,77.93,800
1626831537204275,20210721093857190,3913214,BUY,77.12,100
1626831538490376,20210721093858340,3918203,BUY,77.06,100
1626831538490889,20210721093858340,3918216,SELL,77.92,800
1626831538505761,20210721093858480,3918769,BUY,77.05,200
1626831538650309,20210721093858630,3919249,BUY,77.04,600
1626831539532228,20210721093859520,3922347,SELL,77,100
1626831539869289,20210721093859850,3923473,BUY,77.03,100
1626831539995701,20210721093859980,3923840,SELL,77.91,500
1626831541412467,20210721093901080,3928853,BUY,77.11,100
1626831541414141,20210721093901080,3928867,SELL,77.9,500
1626831541766353,20210721093901480,3930761,SELL,77.89,500
1626831542146527,20210721093902130,3933325,BUY,77.1,1000
1626831542153895,20210721093902130,3933354,SELL,77.88,500
1626831542281794,20210721093902270,3933831,BUY,76.3,100
1626831543147521,20210721093903130,3936974,BUY,77.05,100
1626831544083797,20210721093903810,3940228,SELL,89,500
1626831544399915,20210721093903880,3940531,BUY,77.49,100
1626831545355604,20210721093905040,3946854,BUY,77.02,100
1626831545355829,20210721093905040,3946868,BUY,77.5,100
1626831545355973,20210721093905040,3946873,BUY,77.51,100
1626831545720407,20210721093905560,3949430,BUY,77.11,300
1626831546335895,20210721093906320,3952864,BUY,77.96,900
1626831546498569,20210721093906480,3953451,BUY,76.5,100
1626831546578585,20210721093906560,3953858,BUY,77.51,400
1626831546986433,20210721093906860,3955307,BUY,77.92,100
1626831546987562,20210721093906870,3955338,SELL,77.9,500
1626831546989832,20210721093906880,3955369,BUY,77.11,100
1626831547509736,20210721093907490,3958564,SELL,77.04,2000
1626831547516122,20210721093907500,3958586,BUY,77.11,1000
1626831547516129,20210721093907500,3958587,SELL,77.89,500
1626831547516172,20210721093907500,3958588,BUY,77.11,1200
1626831547522465,20210721093907510,3958633,BUY,77.13,200
1626831547552249,20210721093907530,3958745,BUY,77.89,200
1626831547555677,20210721093907540,3958760,BUY,77.14,200
1626831547555743,20210721093907540,3958765,BUY,77.14,500
1626831547688578,20210721093907670,3959265,BUY,77.15,1000
1626831547691491,20210721093907680,3959283,BUY,77.16,100
1626831548071503,20210721093907770,3959593,BUY,77.17,400
1626831548071691,20210721093907780,3959599,BUY,77.18,200
1626831548093506,20210721093907980,3960287,BUY,77.19,400
1626831548094137,20210721093908000,3960369,BUY,77.2,300
1626831548094207,20210721093908000,3960375,BUY,77.21,200
1626831549199727,20210721093909180,3965029,BUY,78,5600
1626831549204401,20210721093909190,3965057,SELL,78,500
1626831549204407,20210721093909190,3965059,SELL,78,1000
1626831549502252,20210721093909480,3966432,BUY,77.62,100
1626831550378982,20210721093910350,3971142,BUY,77.11,100
1626831552814988,20210721093912790,3981924,BUY,77.48,100
1626831553269660,20210721093912960,3982635,BUY,77.03,100
1626831554495565,20210721093914480,3989707,SELL,77.02,1500
1626831554688784,20210721093914670,3990290,BUY,77,200
1626831556303555,20210721093915720,3994447,SELL,79,100
1626831556704131,20210721093916400,3998022,BUY,77.89,500
1626831556731680,20210721093916640,3998995,BUY,78.1,100
1626831557039428,20210721093916780,3999465,SELL,94.16,600
1626831557544860,20210721093917530,4002364,BUY,78.01,200
1626831557640486,20210721093917620,4002690,SELL,78.54,200
1626831557963074,20210721093917660,4002807,SELL,78,300
1626831557963175,20210721093917660,4002815,BUY,78.01,1200
1626831557963199,20210721093917660,4002816,BUY,78.01,1200
1626831557963244,20210721093917660,4002817,SELL,78.53,200
1626831557976488,20210721093917800,4003223,SELL,78.52,500
1626831557986824,20210721093917890,4003583,BUY,76,100
1626831558962866,20210721093918870,4007519,BUY,78.01,100
1626831558962933,20210721093918880,4007531,SELL,78.51,500
1626831558962948,20210721093918880,4007541,SELL,78.51,1100
1626831558962971,20210721093918880,4007548,SELL,78.51,100
1626831559378086,20210721093919060,4008588,SELL,77.17,3000
1626831559687265,20210721093919070,4008642,SELL,78.49,1500
1626831559692085,20210721093919080,4008692,SELL,78.49,500
1626831559695662,20210721093919090,4008780,SELL,78.49,400
1626831559696046,20210721093919100,4008826,SELL,78.49,1500
1626831559730890,20210721093919330,4010112,SELL,77.19,100
1626831559731015,20210721093919340,4010144,SELL,78.48,1900
1626831559731382,20210721093919350,4010200,SELL,78.47,700
1626831559731809,20210721093919360,4010286,SELL,77.19,100
1626831559732210,20210721093919370,4010312,SELL,78.46,700
1626831559734352,20210721093919380,4010379,SELL,78.46,100
1626831559734429,20210721093919380,4010380,SELL,78.46,500
1626831559745703,20210721093919460,4010698,BUY,78.01,100
1626831559751333,20210721093919560,4011144,SELL,77.99,200
1626831560568066,20210721093920550,4015309,SELL,77.95,100
1626831560952664,20210721093920660,4015710,SELL,78.45,400
1626831560955439,20210721093920680,4015795,SELL,78.44,400
1626831560955779,20210721093920690,4015828,SELL,78.44,1500
1626831560973937,20210721093920930,4016555,BUY,78.04,200
1626831561058558,20210721093921040,4017013,SELL,78.43,500
1626831561064621,20210721093921050,4017028,SELL,78.42,100
1626831561069750,20210721093921050,4017054,SELL,78.42,100
1626831561089836,20210721093921070,4017121,SELL,78.41,1500
1626831561096099,20210721093921080,4017176,SELL,78.41,500
1626831561337464,20210721093921320,4018285,SELL,78.03,200
1626831561343940,20210721093921320,4018302,SELL,78.4,2000
1626831561703282,20210721093921480,4018802,SELL,77.19,600
1626831561703444,20210721093921480,4018810,SELL,78.38,1500
1626831561703687,20210721093921490,4018813,SELL,78.38,500
1626831561718609,20210721093921510,4018963,BUY,77,500
1626831561719093,20210721093921540,4019075,BUY,77,200
1626831561719652,20210721093921560,4019194,BUY,77.9,200
1626831562021314,20210721093921590,4019351,BUY,77.9,800
1626831562035714,20210721093921690,4019989,SELL,78.37,700
1626831562052008,20210721093921790,4020473,SELL,77.19,100
1626831562052339,20210721093921800,4020493,SELL,78.36,700
1626831562052632,20210721093921800,4020511,SELL,78.36,600
1626831562943199,20210721093922660,4024574,BUY,77,1000
1626831562943956,20210721093922660,4024598,BUY,78.01,100
1626831562951091,20210721093922660,4024624,SELL,78.35,100
1626831562960219,20210721093922830,4025225,SELL,77.19,600
1626831562960251,20210721093922830,4025252,SELL,78.34,100
1626831563284067,20210721093923130,4026391,SELL,78.33,200
1626831563308551,20210721093923290,4027043,BUY,77.03,300
1626831563391299,20210721093923380,4027314,BUY,77,500
1626831565497244,20210721093925480,4036252,BUY,76.8,100
1626831565509295,20210721093925490,4036318,SELL,78.32,100
1626831565517274,20210721093925500,4036343,SELL,78.31,100
1626831565567742,20210721093925550,4036516,BUY,74.6,1600
1626831565964602,20210721093925740,4037277,SELL,78.3,200
1626831567234372,20210721093927220,4042213,BUY,77.1,100
1626831567242778,20210721093927230,4042242,SELL,78.29,100
1626831567245955,20210721093927230,4042249,SELL,78.28,100
1626831568333753,20210721093928310,4047394,SELL,78.3,300
1626831568340860,20210721093928320,4047413,SELL,78.27,100
1626831569020562,20210721093929000,4050080,BUY,77.21,300
1626831569097129,20210721093929080,4050355,BUY,77.2,200
1626831570221020,20210721093930200,4054849,BUY,76.8,1000
1626831571651368,20210721093931590,4061755,BUY,77.9,100
1626831571651434,20210721093931600,4061765,SELL,78.26,100
1626831572023893,20210721093931890,4062809,BUY,77,100
1626831572024748,20210721093931900,4062836,SELL,78.25,100
1626831572094080,20210721093932080,4063495,SELL,77.19,1000
1626831572096189,20210721093932080,4063520,BUY,77.22,200
1626831572096238,20210721093932080,4063521,BUY,77.22,200
1626831572096268,20210721093932080,4063522,BUY,77.22,1700
1626831572096739,20210721093932080,4063523,SELL,78.24,100
1626831572106192,20210721093932090,4063575,BUY,77.24,200
1626831572158796,20210721093932140,4063805,BUY,77.24,300
1626831572158862,20210721093932140,4063806,SELL,78.24,400
1626831572159173,20210721093932140,4063812,BUY,77.25,800
1626831572159857,20210721093932140,4063814,SELL,78.23,1500
1626831572169095,20210721093932150,4063851,SELL,78.23,400
1626831572205166,20210721093932190,4063997,BUY,77.26,200
1626831572267443,20210721093932250,4064217,BUY,77.27,400
1626831572355137,20210721093932340,4064553,BUY,77,100
1626831573012789,20210721093933000,4066709,BUY,77.28,1100
1626831573016316,20210721093933000,4066720,BUY,77.29,200
1626831573016318,20210721093933000,4066721,BUY,77.28,1100
1626831573251778,20210721093933240,4067701,SELL,77.62,100
1626831573255159,20210721093933240,4067717,BUY,77.3,200
1626831573255344,20210721093933240,4067719,BUY,77.3,200
1626831573255445,20210721093933240,4067720,BUY,77.3,600
1626831573293166,20210721093933280,4067848,BUY,77.32,200
1626831573296156,20210721093933280,4067853,BUY,77.62,100
1626831573298934,20210721093933280,4067870,BUY,77.33,200
1626831573298988,20210721093933280,4067871,SELL,78.23,400
1626831573299189,20210721093933280,4067874,BUY,77.33,200
1626831573776680,20210721093933460,4068469,SELL,77.62,100
1626831573779535,20210721093933460,4068479,BUY,77.34,700
1626831573779687,20210721093933470,4068502,BUY,77.36,200
1626831573780098,20210721093933480,4068571,BUY,77.62,100
1626831573780122,20210721093933490,4068585,BUY,77.37,200
1626831573780123,20210721093933490,4068587,BUY,77.37,200
1626831573780126,20210721093933490,4068589,BUY,77.37,200
1626831573792192,20210721093933580,4068988,BUY,77.38,400
1626831574050118,20210721093934030,4071102,BUY,77.39,300
1626831574055860,20210721093934040,4071117,BUY,77.41,200
1626831574055862,20210721093934040,4071120,BUY,77.4,700
1626831574058333,20210721093934040,4071125,BUY,77.4,300
1626831574064980,20210721093934050,4071169,BUY,77.4,300
1626831574070600,20210721093934050,4071201,BUY,77.42,300
1626831574406010,20210721093934100,4071548,BUY,76.01,1600
1626831574443645,20210721093934270,4072616,BUY,77.43,200
1626831574443665,20210721093934270,4072617,SELL,78.22,200
1626831574447457,20210721093934280,4072668,BUY,77.44,200
1626831574776767,20210721093934540,4073790,BUY,77.45,200
1626831574776853,20210721093934540,4073805,BUY,77.46,200
1626831574776864,20210721093934540,4073808,BUY,77.46,200
1626831574776865,20210721093934540,4073809,SELL,78.21,200
1626831574777233,20210721093934550,4073855,BUY,77.47,200
1626831575126407,20210721093935110,4076049,SELL,77.62,600
1626831575129929,20210721093935110,4076073,BUY,77.48,400
1626831575233903,20210721093935220,4076484,BUY,77.63,200
1626831575236498,20210721093935220,4076487,BUY,77.62,400
1626831575236505,20210721093935220,4076491,BUY,77.62,400
1626831575237467,20210721093935220,4076493,BUY,77.49,400
1626831575237481,20210721093935220,4076495,BUY,77.49,400
1626831575239606,20210721093935220,4076504,SELL,78.2,200
1626831575257772,20210721093935240,4076565,BUY,77.63,300
1626831575341483,20210721093935320,4076845,BUY,77.91,100
1626831575344350,20210721093935330,4076859,SELL,77.62,600
1626831575347773,20210721093935330,4076874,BUY,77.63,200
1626831575347775,20210721093935330,4076875,BUY,77.63,200
1626831575347777,20210721093935330,4076877,BUY,77.63,200
1626831577291877,20210721093937270,4085146,BUY,77,100
1626831577297316,20210721093937280,4085172,SELL,78.19,100
1626831577306174,20210721093937290,4085186,SELL,78.18,100
1626831577374023,20210721093937360,4085596,BUY,77.45,100
1626831577508064,20210721093937490,4086082,BUY,77.14,100
1626831577959689,20210721093937640,4086611,BUY,77.1,500
1626831577961453,20210721093937670,4086709,SELL,77.62,100
1626831577978421,20210721093937880,4087402,SELL,78.17,200
1626831580653864,20210721093940370,4097332,SELL,78.16,200
1626831580654004,20210721093940370,4097363,SELL,78.16,100
1626831580674707,20210721093940590,4098178,SELL,78.15,300
1626831582235032,20210721093942220,4103673,BUY,77.1,100
1626831582243455,20210721093942230,4103695,SELL,78.14,100
1626831582246833,20210721093942230,4103711,SELL,78.13,100
1626831586233055,20210721093946070,4119210,BUY,77.2,200
1626831586233528,20210721093946070,4119235,SELL,78.12,100
1626831586234094,20210721093946080,4119260,SELL,78.11,100
1626831586234825,20210721093946080,4119282,SELL,78.12,300
1626831586320754,20210721093946300,4120521,SELL,77.4,2000
1626831586322211,20210721093946310,4120537,BUY,77.4,300
1626831586322503,20210721093946310,4120539,BUY,77.4,100
1626831586322551,20210721093946310,4120541,BUY,77.4,100
1626831586322732,20210721093946310,4120542,BUY,77.4,300
1626831586322795,20210721093946310,4120543,BUY,77.4,100
1626831586322796,20210721093946310,4120544,BUY,77.4,300
1626831586322798,20210721093946310,4120545,BUY,77.4,100
1626831586322817,20210721093946310,4120546,BUY,77.4,100
1626831586323230,20210721093946310,4120547,BUY,77.4,100
1626831586323241,20210721093946310,4120548,BUY,77.4,100
1626831586323246,20210721093946310,4120549,BUY,77.4,100
1626831586367733,20210721093946350,4120745,BUY,77.4,100
1626831586432473,20210721093946420,4121134,BUY,77.41,100
1626831587203073,20210721093947190,4123971,BUY,77,100
1626831587213508,20210721093947190,4123985,BUY,77.42,200
1626831587252557,20210721093947240,4124136,BUY,77.42,200
1626831587340847,20210721093947320,4124458,BUY,77.43,300
1626831587342095,20210721093947330,4124465,BUY,77.43,300
1626831587342323,20210721093947330,4124469,BUY,77.43,400
1626831587342370,20210721093947330,4124470,BUY,77.43,400
1626831587342480,20210721093947330,4124471,SELL,78.11,400
1626831587687895,20210721093947670,4125537,SELL,77.45,100
1626831587691109,20210721093947680,4125544,BUY,77.45,100
1626831587691120,20210721093947680,4125546,BUY,77.45,100
1626831587691151,20210721093947680,4125547,BUY,77.45,100
1626831587691322,20210721093947680,4125548,BUY,77.45,100
1626831587816804,20210721093947800,4125945,SELL,77.45,200
1626831587820054,20210721093947800,4125957,BUY,77.46,100
1626831587820469,20210721093947800,4125958,BUY,77.46,100
1626831587820516,20210721093947800,4125961,BUY,77.46,100
1626831587859866,20210721093947840,4126112,BUY,77.47,200
1626831589094435,20210721093948310,4127694,BUY,77.9,600
1626831589095344,20210721093948320,4127707,SELL,78.1,200
1626831589096128,20210721093948320,4127721,SELL,78.1,400
1626831589101417,20210721093948350,4127810,BUY,77.91,600
1626831589101453,20210721093948350,4127811,BUY,77.92,600
1626831589101460,20210721093948350,4127812,BUY,77.93,600
1626831589107602,20210721093948390,4127913,BUY,77.94,600
1626831589111939,20210721093948430,4128010,BUY,77.95,600
1626831589111940,20210721093948430,4128011,BUY,77.96,600
1626831589113985,20210721093948460,4128166,BUY,77.97,600
1626831589114026,20210721093948460,4128167,BUY,77.98,600
1626831589114043,20210721093948460,4128168,BUY,77.99,600
1626831589119107,20210721093948500,4128295,BUY,78,600
1626831589465231,20210721093949020,4130684,BUY,77.64,100
1626831589590469,20210721093949570,4133174,BUY,77.11,400
1626831589673173,20210721093949660,4133484,BUY,77.41,100
1626831590240855,20210721093950140,4135648,SELL,77.45,800
1626831590256467,20210721093950240,4135985,SELL,77.45,100
1626831590334240,20210721093950320,4136251,BUY,78,300
1626831590345654,20210721093950330,4136290,BUY,78,900
1626831590584809,20210721093950570,4137164,SELL,77.36,100
1626831590817780,20210721093950800,4137990,BUY,78.01,100
1626831592429380,20210721093952410,4144826,BUY,76.58,100
1626831593632529,20210721093953620,4149173,SELL,77.81,300
1626831595891880,20210721093955560,4157636,SELL,77.45,700
1626831595899777,20210721093955610,4157830,BUY,78.01,100
1626831599957527,20210721093959940,4174189,SELL,78.6,100
1626831599962442,20210721093959950,4174210,BUY,78.02,100
1626831600116480,20210721094000100,4174983,BUY,78.02,200
1626831602179880,20210721094001870,4184499,BUY,76.45,100
1626831602862113,20210721094002840,4188417,BUY,77.02,100
1626831603518620,20210721094003440,4190754,BUY,77,500
1626831603523489,20210721094003490,4191006,BUY,78.03,100
1626831604032317,20210721094004010,4194059,BUY,78.04,600
1626831604044745,20210721094004030,4194188,BUY,78.01,100
1626831604731088,20210721094004250,4195775,BUY,77.36,100
1626831606063314,20210721094005850,4204259,SELL,77.98,100
1626831606063376,20210721094005860,4204261,SELL,78.5,1100
1626831606065456,20210721094005880,4204352,SELL,77.98,200
1626831606072498,20210721094005960,4204642,SELL,78.49,300
1626831606099773,20210721094006080,4205481,BUY,77.1,100
1626831608054889,20210721094007520,4214248,SELL,78.48,300
1626831608055456,20210721094007530,4214277,SELL,78.48,300
1626831608414567,20210721094008390,4218728,SELL,77.98,800
1626831608418895,20210721094008400,4218754,SELL,77.98,100
1626831608452854,20210721094008440,4218936,BUY,78.02,500
1626831609716971,20210721094009440,4223917,SELL,77.98,700
1626831609719835,20210721094009450,4223946,SELL,78.47,100
1626831609755173,20210721094009660,4225157,SELL,78.46,400
1626831609921932,20210721094009910,4226521,SELL,78.49,300
1626831610872344,20210721094009950,4226778,BUY,77.1,200
1626831610877118,20210721094009960,4226801,SELL,78.45,300
1626831610917901,20210721094010170,4228096,BUY,78.16,300
1626831611575116,20210721094011270,4234115,SELL,78.44,300
1626831611575178,20210721094011270,4234123,SELL,78.44,100
1626831611603788,20210721094011430,4234784,BUY,77,200
1626831618006380,20210721094017990,4267050,SELL,78.43,300
1626831619980104,20210721094019930,4276367,BUY,78,100
1626831619980134,20210721094019930,4276371,SELL,78.42,300
1626831619980211,20210721094019930,4276372,SELL,78.42,100
1626831621254825,20210721094021180,4281073,SELL,78.5,200
1626831621259021,20210721094021190,4281121,SELL,78.41,300
1626831621259108,20210721094021200,4281143,SELL,78.4,300
1626831621638299,20210721094021460,4282126,BUY,77,100
1626831623394333,20210721094023380,4290352,BUY,78.45,500
1626831623402156,20210721094023380,4290367,SELL,78.4,100
1626831628739550,20210721094028380,4309849,SELL,77.99,100
1626831628745388,20210721094028500,4310292,SELL,78.16,300
1626831628751837,20210721094028520,4310361,SELL,77.99,100
1626831629463972,20210721094029160,4312762,BUY,76.72,100
1626831629784170,20210721094029770,4314945,SELL,77.99,600
1626831629786876,20210721094029770,4314957,BUY,77.99,300
1626831629893686,20210721094029880,4315232,BUY,78.17,100
1626831629897171,20210721094029880,4315243,SELL,78.39,100
1626831630062408,20210721094030050,4315867,SELL,77.99,600
1626831630763893,20210721094030480,4317701,BUY,77.99,200
1626831630763954,20210721094030490,4317717,BUY,77.99,400
1626831630764001,20210721094030490,4317727,SELL,78.39,100
1626831630764254,20210721094030490,4317737,BUY,77.99,200
1626831631484622,20210721094031420,4322753,SELL,78.38,200
1626831631484761,20210721094031430,4322789,SELL,78.38,100
1626831632205664,20210721094032190,4326143,SELL,77.99,100
1626831632208228,20210721094032190,4326157,BUY,77.99,100
1626831632208250,20210721094032190,4326159,BUY,77.99,100
1626831634324217,20210721094034300,4335482,BUY,77.68,200
1626831636783500,20210721094036530,4344349,BUY,78,600
1626831636783756,20210721094036530,4344365,SELL,78.37,300
1626831637163813,20210721094036900,4346663,SELL,77.97,2000
1626831637164053,20210721094036900,4346679,BUY,77.97,200
1626831637164115,20210721094036900,4346682,BUY,77.97,200
1626831637164128,20210721094036900,4346684,BUY,77.97,200
1626831637164159,20210721094036900,4346685,BUY,77.97,200
1626831637177410,20210721094036980,4346982,BUY,77.98,100
1626831637190690,20210721094037060,4347380,BUY,77.99,400
1626831640591512,20210721094040040,4359384,SELL,80,100
1626831643665066,20210721094043420,4374867,SELL,78.37,300
1626831643680818,20210721094043550,4375503,SELL,78.37,100
1626831647272882,20210721094047240,4392814,SELL,80.31,500
1626831647273897,20210721094047250,4392838,SELL,78.36,200
1626831647274225,20210721094047250,4392852,SELL,78.35,200
1626831651260812,20210721094051230,4411816,SELL,77.94,2000
1626831651261048,20210721094051240,4411870,SELL,78.34,200
1626831651402944,20210721094051380,4412417,BUY,78.4,100
1626831651404516,20210721094051390,4412434,SELL,78.33,100
1626831652746521,20210721094052670,4419201,SELL,78.32,100
1626831652746701,20210721094052670,4419226,SELL,78.31,100
1626831652835038,20210721094052820,4419805,BUY,77.95,300
1626831653827970,20210721094053810,4423442,SELL,78.3,100
1626831655961288,20210721094055700,4431872,BUY,77.94,100
1626831655961552,20210721094055710,4431882,SELL,78.29,100
1626831656735955,20210721094056590,4435091,SELL,77.89,200
1626831656736289,20210721094056600,4435130,SELL,78.28,100
1626831658797788,20210721094057990,4441267,BUY,76,100
1626831660703641,20210721094100520,4451602,SELL,78.5,100
1626831660956134,20210721094100940,4453639,BUY,76.67,500
1626831662424499,20210721094102400,4460165,SELL,77.93,100
1626831662426036,20210721094102410,4460179,SELL,78.27,100
1626831662465634,20210721094102450,4460317,SELL,77.93,100
1626831662540992,20210721094102530,4460529,BUY,78.02,300
1626831663214826,20210721094102920,4461822,SELL,78.26,100
1626831663215150,20210721094102930,4461855,SELL,78.25,100
1626831664295086,20210721094104010,4466840,BUY,77.99,100
1626831664295391,20210721094104010,4466885,SELL,78.24,100
1626831665028545,20210721094104480,4470069,SELL,77.91,2000
1626831665040069,20210721094104540,4470440,BUY,77.92,800
1626831665040914,20210721094104550,4470473,SELL,78.23,100
1626831665070238,20210721094104960,4472103,SELL,77.93,600
1626831667533153,20210721094107510,4486274,SELL,77.93,100
1626831670990571,20210721094110360,4500418,BUY,77.94,100
1626831670995003,20210721094110400,4500605,BUY,75.99,200
1626831671040362,20210721094110780,4502592,SELL,77.93,600
1626831676732565,20210721094116450,4534885,SELL,78.2,200
1626831678057372,20210721094117820,4540784,BUY,77.91,100
1626831678057547,20210721094117830,4540789,BUY,77.93,100
1626831679133261,20210721094118830,4545401,BUY,77.01,1000
1626831681035882,20210721094121020,4555380,SELL,77.64,2000
1626831683193647,20210721094123180,4566915,BUY,77.93,100
1626831686050566,20210721094125630,4578950,BUY,77.93,800
1626831688299468,20210721094128210,4590747,BUY,77,100
1626831691730594,20210721094131530,4604880,BUY,63,100
1626831692268575,20210721094132250,4607676,BUY,77.03,100
1626831693989614,20210721094133880,4613740,BUY,77.69,100
1626831697636286,20210721094137450,4629403,BUY,77.93,1000
1626831697636502,20210721094137460,4629418,SELL,78.19,200
1626831697636824,20210721094137460,4629442,SELL,78.18,100
1626831697636899,20210721094137460,4629447,SELL,77.38,2000
1626831697637071,20210721094137470,4629464,SELL,78.18,100
1626831697637108,20210721094137470,4629475,BUY,77.37,100
1626831697637113,20210721094137470,4629477,BUY,77.37,100
1626831697637117,20210721094137470,4629478,BUY,77.37,100
1626831697637119,20210721094137470,4629479,SELL,78.17,100
1626831697647697,20210721094137580,4629847,BUY,77.7,300
1626831697708702,20210721094137690,4630226,SELL,78.16,200
1626831703450874,20210721094143410,4653444,SELL,78.15,200
1626831703450934,20210721094143410,4653451,SELL,78.15,100
1626831703451084,20210721094143420,4653467,SELL,78.15,100
1626831703637626,20210721094143620,4654237,SELL,78.14,300
1626831706086022,20210721094146070,4664096,SELL,78.13,300
1626831706086176,20210721094146070,4664101,SELL,78.13,100
1626831706088622,20210721094146070,4664112,SELL,78.13,100
1626831706471312,20210721094146210,4665090,SELL,78.12,300
1626831706471523,20210721094146210,4665102,BUY,77.2,100
1626831707901494,20210721094147890,4671252,BUY,77.37,100
1626831707901505,20210721094147890,4671253,BUY,77.37,100
1626831707902451,20210721094147890,4671254,SELL,78.11,300
1626831707902613,20210721094147890,4671255,BUY,77.37,100
1626831707904336,20210721094147890,4671260,SELL,78.11,100
1626831707909771,20210721094147890,4671276,SELL,78.11,100
1626831708046711,20210721094148030,4671707,BUY,77.38,300
1626831708046722,20210721094148030,4671708,SELL,78.1,300
1626831709721050,20210721094149490,4677948,SELL,77.21,2000
1626831709721106,20210721094149500,4677971,SELL,78.09,300
1626831709721113,20210721094149500,4677972,SELL,78.09,600
1626831709721379,20210721094149500,4677976,SELL,78.09,100
1626831709721418,20210721094149500,4677989,SELL,78.09,100
1626831709721446,20210721094149510,4678001,SELL,78.09,500
1626831709721618,20210721094149510,4678023,SELL,78.09,400
1626831709724665,20210721094149540,4678117,BUY,77.21,500
1626831714986641,20210721094154790,4698439,BUY,77.8,100
1626831715106384,20210721094155090,4699768,SELL,78.08,400
1626831715476892,20210721094155250,4700969,SELL,78.07,100
1626831715538308,20210721094155420,4701794,SELL,78.06,200
1626831715540366,20210721094155430,4701810,SELL,78.05,100
1626831715549442,20210721094155430,4701832,SELL,78.05,100
1626831716147239,20210721094156130,4704382,BUY,75,300
1626831716261512,20210721094156250,4704838,SELL,78.04,200
1626831716265637,20210721094156250,4704861,SELL,78.03,200
1626831719974317,20210721094159960,4718170,BUY,77.1,200
1626831719979739,20210721094159960,4718178,SELL,78.02,100
1626831719982732,20210721094159970,4718191,SELL,78.01,100
1626831719982875,20210721094159970,4718192,SELL,78.02,100
1626831720365756,20210721094200070,4718612,SELL,78,200
1626831720398607,20210721094200340,4719722,BUY,77.22,200
1626831721006713,20210721094200990,4722512,BUY,77,100
1626831721018071,20210721094201000,4722542,SELL,77.99,200
1626831721019904,20210721094201000,4722568,BUY,77.23,200
1626831721020007,20210721094201000,4722569,BUY,77.23,200
1626831721020042,20210721094201000,4722570,BUY,77.23,200
1626831721020164,20210721094201000,4722571,SELL,77.98,200
1626831721020661,20210721094201000,4722572,SELL,77.99,100
1626831721070088,20210721094201050,4722833,BUY,76.02,200
1626831721283056,20210721094201260,4723964,BUY,77.24,200
1626831721321446,20210721094201300,4724102,SELL,77.1,2000
1626831721324891,20210721094201310,4724117,BUY,77.12,800
1626831721324980,20210721094201310,4724119,BUY,77.12,800
1626831721331877,20210721094201320,4724144,BUY,77.13,200
1626831721491404,20210721094201470,4724900,SELL,77.97,300
1626831723975152,20210721094203680,4734472,SELL,77.2,100
1626831723975725,20210721094203680,4734489,BUY,77.2,100
1626831723975727,20210721094203680,4734491,BUY,77.14,200
1626831723975731,20210721094203680,4734493,BUY,77.2,100
1626831723975732,20210721094203680,4734494,BUY,77.14,200
1626831723975735,20210721094203680,4734495,BUY,77.2,100
1626831723975737,20210721094203680,4734496,BUY,77.2,100
1626831723975747,20210721094203680,4734497,BUY,77.2,100
1626831723975914,20210721094203680,4734504,BUY,77.2,100
1626831723976414,20210721094203680,4734520,BUY,77.2,100
1626831723977558,20210721094203690,4734545,SELL,77.2,100
1626831723978428,20210721094203690,4734565,BUY,77.21,300
1626831723978469,20210721094203690,4734567,BUY,77.21,500
1626831723978557,20210721094203690,4734568,SELL,77.96,300
1626831723999414,20210721094203800,4735202,BUY,77.2,100
1626831724000532,20210721094203810,4735271,BUY,77.22,400
1626831724737716,20210721094204280,4738293,BUY,77,200
1626831724737957,20210721094204280,4738312,SELL,77.95,100
1626831724738184,20210721094204290,4738332,SELL,77.95,300
1626831724745965,20210721094204410,4738928,BUY,77.14,100
1626831724755555,20210721094204460,4739173,SELL,77.94,300
1626831725419496,20210721094205400,4743801,SELL,77.2,100
1626831725422923,20210721094205410,4743814,BUY,77.23,200
1626831725422944,20210721094205410,4743822,BUY,77.23,300
1626831725422957,20210721094205410,4743823,SELL,77.93,300
1626831725423082,20210721094205410,4743829,SELL,77.93,100
1626831725427058,20210721094205410,4743843,BUY,77.23,100
1626831725427510,20210721094205410,4743847,SELL,77.93,300
1626831725932757,20210721094205920,4745826,SELL,77.8,800
1626831726137071,20210721094206120,4746888,SELL,77.79,300
1626831726354193,20210721094206330,4747895,SELL,77.2,600
1626831726357938,20210721094206340,4747908,SELL,77.78,300
1626831726681700,20210721094206660,4749233,SELL,77.77,100
1626831726685915,20210721094206670,4749266,SELL,77.77,300
1626831727390483,20210721094207370,4753331,SELL,77.76,400
1626831727726223,20210721094207530,4753943,SELL,77.75,400
1626831729041710,20210721094209030,4759055,SELL,78,1000
1626831729048556,20210721094209030,4759083,SELL,77.74,100
1626831729049726,20210721094209030,4759095,SELL,77.73,100
1626831729050934,20210721094209030,4759107,SELL,77.74,200
1626831729199491,20210721094209180,4759779,SELL,77.72,400
1626831729701879,20210721094209440,4760831,BUY,76.8,1000
1626831731814834,20210721094211800,4771418,BUY,77.21,5000
1626831731817936,20210721094211800,4771434,SELL,77.71,400
1626831731820035,20210721094211800,4771441,SELL,77.71,100
1626831731823944,20210721094211810,4771453,SELL,77.71,100
1626831732154648,20210721094211890,4771742,SELL,77.2,500
1626831732474549,20210721094212450,4773995,BUY,77.22,100
1626831732474553,20210721094212450,4773998,BUY,77.22,300
1626831732595148,20210721094212580,4774483,BUY,77.23,200
1626831732622070,20210721094212600,4774582,BUY,77.24,100
1626831733703577,20210721094213100,4777843,BUY,77.2,100
1626831733703719,20210721094213110,4777869,BUY,77.25,100
1626831733703728,20210721094213110,4777870,BUY,77.25,100
1626831733737704,20210721094213440,4780353,BUY,76.36,3000
1626831733772814,20210721094213710,4782193,BUY,77.26,100
1626831734078141,20210721094214060,4784047,SELL,77.03,2000
1626831734081391,20210721094214070,4784095,BUY,77.22,200
1626831734081443,20210721094214070,4784096,BUY,77.22,300
1626831734168561,20210721094214150,4784598,BUY,77.23,200
1626831734304998,20210721094214290,4785174,SELL,77.7,700
1626831734309998,20210721094214290,4785193,SELL,77.69,100
1626831734315885,20210721094214300,4785199,SELL,77.69,100
1626831734549880,20210721094214530,4786226,BUY,77.24,100
1626831735271758,20210721094215250,4788787,SELL,77.68,200
1626831736713464,20210721094216470,4794358,BUY,77.95,400
1626831736713492,20210721094216470,4794369,BUY,77.25,100
1626831736713497,20210721094216470,4794370,BUY,77.25,100
1626831736747996,20210721094216560,4794716,BUY,77.26,100
1626831738249716,20210721094218230,4800782,BUY,77.11,1000
1626831739853011,20210721094219130,4804316,BUY,77.15,100
1626831739928672,20210721094219690,4807169,BUY,76.5,1000
1626831742216775,20210721094221930,4815344,BUY,76.8,600
1626831742348145,20210721094222330,4817299,BUY,77.26,100
1626831742349557,20210721094222330,4817323,BUY,77.27,200
1626831742349564,20210721094222330,4817325,BUY,77.27,100
1626831743036494,20210721094222530,4818074,BUY,77.28,300
1626831743040842,20210721094222690,4818573,BUY,77.3,100
1626831743045723,20210721094222770,4818829,BUY,77.72,100
1626831743045943,20210721094222770,4818836,BUY,77.31,100
1626831743456572,20210721094223200,4820186,BUY,77.8,600
1626831743456895,20210721094223200,4820201,BUY,77.32,100
1626831743456936,20210721094223200,4820202,SELL,77.76,200
1626831743457558,20210721094223210,4820208,BUY,77.32,100
1626831743460987,20210721094223240,4820283,BUY,77.81,600
1626831743460989,20210721094223240,4820286,BUY,77.82,600
1626831743462163,20210721094223240,4820300,SELL,77.81,200
1626831743462164,20210721094223240,4820302,SELL,77.92,400
1626831743462266,20210721094223250,4820317,BUY,77.32,500
1626831743462442,20210721094223250,4820338,BUY,77.83,600
1626831743471852,20210721094223270,4820397,BUY,77.84,600
1626831743472125,20210721094223290,4820449,BUY,77.85,600
1626831743472800,20210721094223310,4820551,BUY,77.86,600
1626831743473076,20210721094223330,4820599,BUY,77.87,600
1626831743473600,20210721094223350,4820673,BUY,77.88,600
1626831743474647,20210721094223380,4820723,BUY,77.89,600
1626831743476784,20210721094223390,4820782,BUY,77.9,600
1626831743477322,20210721094223410,4820885,BUY,77.91,600
1626831743477663,20210721094223430,4820935,BUY,77.92,600
1626831743478034,20210721094223450,4821000,BUY,77.93,600
1626831743478110,20210721094223450,4821041,BUY,77.95,400
1626831743481068,20210721094223460,4821070,BUY,77.94,600
1626831743499344,20210721094223480,4821138,BUY,77.99,200
1626831743501766,20210721094223490,4821151,BUY,77.95,600
1626831743506892,20210721094223490,4821181,BUY,77.96,600
1626831743515658,20210721094223500,4821203,BUY,77.97,600
1626831743518677,20210721094223500,4821210,BUY,77.99,100
1626831743547409,20210721094223530,4821298,BUY,77.98,600
1626831743553603,20210721094223540,4821319,BUY,77.99,600
1626831743584997,20210721094223570,4821448,BUY,78,600
1626831743587178,20210721094223570,4821462,BUY,78,200
1626831743587299,20210721094223570,4821464,BUY,78,300
1626831743608177,20210721094223590,4821517,BUY,78.2,200
1626831743611570,20210721094223600,4821522,SELL,78.49,300
1626831743635492,20210721094223620,4821620,BUY,77.76,1000
1626831743955649,20210721094223640,4821662,SELL,78.48,300
1626831743956212,20210721094223670,4821726,BUY,78,300
1626831743956368,20210721094223680,4821736,BUY,77.27,200
1626831746205438,20210721094226190,4831642,BUY,77.26,100
1626831746214235,20210721094226200,4831689,SELL,78.47,300
1626831746214360,20210721094226200,4831696,BUY,78.01,300
1626831746216704,20210721094226200,4831710,SELL,78.46,300
1626831746388391,20210721094226370,4832308,SELL,78.45,300
1626831746411918,20210721094226390,4832367,BUY,77.74,400
1626831747340415,20210721094227320,4835757,SELL,77.21,4000
1626831747346833,20210721094227330,4835782,SELL,78.44,300
1626831747348802,20210721094227330,4835793,SELL,78.44,200
1626831747759471,20210721094227740,4837355,BUY,77.94,300
1626831748578009,20210721094228070,4838839,SELL,78.43,300
1626831748622109,20210721094228430,4840707,SELL,77.25,800
1626831748631389,20210721094228430,4840719,SELL,78.42,300
1626831748907365,20210721094228890,4842256,SELL,78.41,200
1626831750244202,20210721094230170,4846462,BUY,77.26,100
1626831750351090,20210721094230330,4847018,SELL,78.4,300
1626831750357686,20210721094230340,4847024,SELL,78.39,300
1626831750574554,20210721094230560,4847667,SELL,78.38,300
1626831752380452,20210721094232360,4854554,BUY,77.25,100
1626831752389354,20210721094232370,4854567,SELL,78.37,200
1626831752392256,20210721094232370,4854581,SELL,78.36,200
1626831752444177,20210721094232430,4854787,SELL,78.35,300
1626831754621332,20210721094234520,4863054,SELL,78.34,300
1626831755672122,20210721094235470,4866271,BUY,77,100
1626831757733649,20210721094237720,4875550,SELL,77.9,100
1626831757829911,20210721094237810,4875822,SELL,77.9,100
1626831757849696,20210721094237840,4875875,BUY,77.92,1000
1626831757923566,20210721094237910,4876082,SELL,78.33,400
1626831759033177,20210721094239020,4879451,SELL,77.9,600
1626831759036410,20210721094239020,4879459,SELL,78.32,400
1626831759449010,20210721094239430,4880848,SELL,77.9,100
1626831759638506,20210721094239620,4881452,SELL,78.31,400
1626831760867878,20210721094240590,4885777,SELL,77.9,600
1626831760867948,20210721094240590,4885785,SELL,78.3,400
1626831761161546,20210721094241140,4887779,BUY,76.8,100
1626831761419995,20210721094241400,4888668,BUY,77,200
1626831761568839,20210721094241550,4889133,SELL,78.29,400
1626831765060211,20210721094245040,4901860,SELL,77.92,100
1626831765063320,20210721094245050,4901879,BUY,77.92,100
1626831765064099,20210721094245050,4901885,BUY,77.92,100
1626831765066829,20210721094245050,4901899,SELL,78.28,400
1626831766498259,20210721094246460,4907598,BUY,76.3,200
1626831767146828,20210721094246840,4908863,SELL,78.33,300
1626831767584495,20210721094247570,4911230,SELL,78.27,100
1626831772275940,20210721094252020,4927465,SELL,78.26,100
1626831772282879,20210721094252070,4927710,SELL,78.27,300
1626831772289360,20210721094252120,4927900,BUY,77,200
1626831777458835,20210721094257200,4945991,BUY,78,1000
1626831777491809,20210721094257470,4946898,BUY,77.28,400
1626831779030241,20210721094258360,4951147,BUY,77.11,300
1626831779269131,20210721094259250,4954468,BUY,77.3,1000
1626831779347108,20210721094259330,4954695,SELL,78.25,300
1626831779350084,20210721094259330,4954711,SELL,78.24,300
1626831781670574,20210721094301560,4963949,SELL,78.3,1000
1626831781727935,20210721094301710,4964527,BUY,77.01,200
1626831782712566,20210721094302420,4967105,BUY,78.01,100
1626831785012394,20210721094304420,4976922,BUY,78.02,100
1626831785012526,20210721094304430,4976934,BUY,78.02,100
1626831785012531,20210721094304430,4976935,BUY,78.02,100
1626831785012558,20210721094304430,4976941,BUY,78.02,100
1626831785012572,20210721094304430,4976942,BUY,78.02,100
1626831785017144,20210721094304470,4977114,BUY,78.02,100
1626831785072200,20210721094305050,4979369,SELL,78.41,100
1626831785299030,20210721094305280,4980737,SELL,77.9,200
1626831785314244,20210721094305300,4980864,SELL,77.9,200
1626831786584496,20210721094306570,4986161,BUY,77.2,500
1626831786591988,20210721094306570,4986176,BUY,78.03,100
1626831786592238,20210721094306580,4986179,BUY,78.03,100
1626831786602795,20210721094306590,4986231,SELL,77.9,800
1626831786953523,20210721094306660,4986704,SELL,77.9,100
1626831790341269,20210721094310120,5002207,BUY,78.01,100
1626831790341365,20210721094310120,5002221,BUY,78.01,100
1626831791193644,20210721094311170,5007373,BUY,78.24,300
1626831791195600,20210721094311180,5007389,BUY,78.02,100
1626831791835684,20210721094311820,5009734,BUY,76.68,100
1626831794135481,20210721094313240,5016037,SELL,77.9,700
1626831794135870,20210721094313240,5016076,SELL,78.24,300
1626831794135988,20210721094313240,5016094,BUY,78.01,100
1626831796957311,20210721094316700,5029216,BUY,78,100
1626831798868201,20210721094318850,5036209,BUY,77,100
1626831799211350,20210721094318930,5036507,SELL,78.23,300
1626831799211724,20210721094318940,5036542,SELL,78.22,300
1626831801198962,20210721094321180,5044782,SELL,77.89,2000
1626831801202274,20210721094321190,5044804,BUY,77.89,100
1626831801202344,20210721094321190,5044806,BUY,77.89,100
1626831801202351,20210721094321190,5044807,BUY,77.89,100
1626831801204237,20210721094321190,5044818,BUY,77.89,100
1626831801205278,20210721094321190,5044826,SELL,78.22,300
1626831801212257,20210721094321200,5044853,BUY,77.89,100
1626831801293107,20210721094321280,5045127,BUY,78.22,700
1626831801295798,20210721094321280,5045141,SELL,78.22,400
1626831801296093,20210721094321280,5045143,SELL,78.22,300
1626831801723790,20210721094321450,5045596,SELL,78.22,400
1626831802661537,20210721094322350,5049674,BUY,77.8,1000
1626831814431718,20210721094334290,5093576,SELL,77.85,2000
1626831814436895,20210721094334330,5093790,SELL,78.22,300
1626831814668914,20210721094334650,5094812,SELL,78.21,100
1626831817736462,20210721094337310,5104719,BUY,77.2,600
1626831817787619,20210721094337690,5105875,SELL,78.2,100
1626831823233441,20210721094343060,5124958,BUY,77.87,3000
1626831823731702,20210721094343690,5127750,SELL,78.19,300
1626831823847599,20210721094343830,5128321,BUY,76.67,200
1626831826591864,20210721094345960,5135661,BUY,77.85,100
1626831828161989,20210721094348140,5143085,SELL,77.82,2000
1626831829257923,20210721094348400,5143902,BUY,77.88,800
1626831829316626,20210721094348860,5145851,BUY,77.88,100
1626831838232331,20210721094358140,5179351,SELL,79.99,1000
1626831849064907,20210721094409050,5222495,BUY,77.81,100
1626831849068110,20210721094409050,5222513,BUY,78.19,100
1626831849069446,20210721094409050,5222521,BUY,77.89,100
1626831849069451,20210721094409050,5222522,BUY,77.89,100
1626831849069764,20210721094409060,5222523,BUY,77.89,100
1626831849070158,20210721094409060,5222524,BUY,77.89,100
1626831849080757,20210721094409060,5222579,BUY,77.89,600
1626831849105672,20210721094409090,5222729,BUY,78.92,600
1626831849108022,20210721094409090,5222742,BUY,77.9,100
1626831849122158,20210721094409110,5222804,BUY,77.89,100
1626831849246330,20210721094409230,5223298,BUY,77.91,500
1626831849662106,20210721094409340,5223750,BUY,77.9,300
1626831853441060,20210721094413420,5242881,BUY,77.92,100
1626831853441128,20210721094413420,5242885,BUY,77.92,100
1626831853442059,20210721094413420,5242896,BUY,77.92,100
1626831853442607,20210721094413430,5242909,BUY,77.92,100
